@article{liebling2020effects,
  title={Effects of High Density Phase Transitions on Neutron Star Dynamics},
  author={Liebling, Steven L and Palenzuela, Carlos and Lehner, Luis},
  journal={arXiv preprint arXiv:2010.12567},
  year={2020}
}


@article{gieg2019simulating,
  title={Simulating Binary Neutron Stars with Hybrid Equation of States: Gravitational Waves, Electromagnetic Signatures and Challenges for Numerical Relativity},
  author={Gieg, Henrique and Dietrich, Tim and Ujevic, Maximiliano},
  journal={Particles},
  volume={2},
  number={3},
  pages={365--384},
  year={2019},
  publisher={Multidisciplinary Digital Publishing Institute}
}


@article{montana2019constraining,
  title={Constraining twin stars with GW170817},
  author={Montana, Gloria and Tol{\'o}s, Laura and Hanauske, Matthias and Rezzolla, Luciano},
  journal={Physical Review D},
  volume={99},
  number={10},
  pages={103009},
  year={2019},
  publisher={APS}
}


@article{alford2019signatures,
  title={Signatures for quark matter from multi-messenger observations},
  author={Alford, Mark G and Han, Sophia and Schwenzer, Kai},
  journal={Journal of Physics G: Nuclear and Particle Physics},
  volume={46},
  number={11},
  pages={114001},
  year={2019},
  publisher={IOP Publishing}
}


@article{zhu2021fully,
  title={Fully general-relativistic simulations of isolated and binary strange quark stars},
  author={Zhu, Zhenyu and Rezzolla, Luciano},
  journal={arXiv preprint arXiv:2102.07721},
  year={2021}
}


@article{oechslin2007relativistic,
  title={Relativistic neutron star merger simulations with non-zero temperature equations of state-I. Variation of binary parameters and equation of state},
  author={Oechslin, Roland and Janka, H-T and Marek, A},
  journal={Astronomy \& Astrophysics},
  volume={467},
  number={2},
  pages={395--409},
  year={2007},
  publisher={EDP Sciences}
}

kenta UR
@article{kiuchi2020sub,
  title={Sub-radian-accuracy gravitational waves from coalescing binary neutron stars in numerical relativity. II. Systematic study on the equation of state, binary mass, and mass ratio},
  author={Kiuchi, Kenta and Kawaguchi, Kyohei and Kyutoku, Koutarou and Sekiguchi, Yuichiro and Shibata, Masaru},
  journal={Physical Review D},
  volume={101},
  number={8},
  pages={084006},
  year={2020},
  publisher={APS}
}

@article{kruger2020fast,
  title={Fast rotating relativistic stars: Spectra and stability without approximation},
  author={Kr{\"u}ger, Christian J and Kokkotas, Kostas D},
  journal={Physical Review Letters},
  volume={125},
  number={11},
  pages={111106},
  year={2020},
  publisher={APS}
}

@article{hanauske2017rotational,
  title={Rotational properties of hypermassive neutron stars from binary mergers},
  author={Hanauske, Matthias and Takami, Kentaro and Bovard, Luke and Rezzolla, Luciano and Font, Jos{\'e} A and Galeazzi, Filippo and St{\"o}cker, Horst},
  journal={Physical Review D},
  volume={96},
  number={4},
  pages={043004},
  year={2017},
  publisher={APS}
}

@article{yamasaki2020frb,
  title={FRB 181112 as a Rapidly-Rotating Massive Neutron Star just after a Binary Neutron Star Merger?: Implications for Future Constraints on Neutron Star Equations of State},
  author={Yamasaki, Shotaro and Totani, Tomonori and Kiuchi, Kenta},
  journal={arXiv preprint arXiv:2010.07796},
  year={2020}
}

PT
@article{bauswein2019identifying,
  title={Identifying a first-order phase transition in neutron-star mergers through gravitational waves},
  author={Bauswein, Andreas and Bastian, Niels-Uwe F and Blaschke, David B and Chatziioannou, Katerina and Clark, James A and Fischer, Tobias and Oertel, Micaela},
  journal={Physical review letters},
  volume={122},
  number={6},
  pages={061102},
  year={2019},
  publisher={APS}
}

PT
@article{most2019signatures,
  title={Signatures of quark-hadron phase transitions in general-relativistic neutron-star mergers},
  author={Most, Elias R and Papenfort, L Jens and Dexheimer, Veronica and Hanauske, Matthias and Schramm, Stefan and St{\"o}cker, Horst and Rezzolla, Luciano},
  journal={Physical review letters},
  volume={122},
  number={6},
  pages={061101},
  year={2019},
  publisher={APS}
}

gravstars
@article{barack2019black,
  title={Black holes, gravitational waves and fundamental physics: a roadmap},
  author={Barack, Leor and Cardoso, Vitor and Nissanke, Samaya and Sotiriou, Thomas P and Askar, Abbas and Belczynski, Chris and Bertone, Gianfranco and Bon, Edi and Blas, Diego and Brito, Richard and others},
  journal={Classical and quantum gravity},
  volume={36},
  number={14},
  pages={143001},
  year={2019},
  publisher={IOP Publishing}
}
QS
@article{yagi2014effective,
  title={Effective no-hair relations for neutron stars and quark stars: relativistic results},
  author={Yagi, Kent and Kyutoku, Koutarou and Pappas, George and Yunes, Nicol{\'a}s and Apostolatos, Theocharis A},
  journal={Physical Review D},
  volume={89},
  number={12},
  pages={124013},
  year={2014},
  publisher={APS}
}

hybrid star
@article{ranea2018oscillation,
  title={Oscillation modes of hybrid stars within the relativistic Cowling approximation},
  author={Ranea-Sandoval, Ignacio F and Guilera, Octavio M and Mariani, Mauro and Orsaria, Milva G},
  journal={Journal of Cosmology and Astroparticle Physics},
  volume={2018},
  number={12},
  pages={031},
  year={2018},
  publisher={IOP Publishing}
}

boson star
@article{flores2019fundamental,
  title={Fundamental oscillation modes of self-interacting bosonic dark stars},
  author={Flores, C V{\'a}squez and Parisi, Alessandro and Chen, Chian-Shu and Lugones, Germ{\'a}n},
  journal={Journal of Cosmology and Astroparticle Physics},
  volume={2019},
  number={06},
  pages={051},
  year={2019},
  publisher={IOP Publishing}
}

tidal love definiton 
@article{damour2010effective,
  title={Effective one body description of tidal effects in inspiralling compact binaries},
  author={Damour, Thibault and Nagar, Alessandro},
  journal={Physical Review D},
  volume={81},
  number={8},
  pages={084016},
  year={2010},
  publisher={APS}
}
Wely curature
@article{baiotti2008accurate,
  title={Accurate evolutions of inspiralling neutron-star binaries: Prompt and delayed collapse to a black hole},
  author={Baiotti, Luca and Giacomazzo, Bruno and Rezzolla, Luciano},
  journal={Physical Review D},
  volume={78},
  number={8},
  pages={084033},
  year={2008},
  publisher={APS}
}

ecce bns
@article{rosofsky2019probing,
  title={Probing neutron star structure via f-mode oscillations and damping in dynamical spacetime models},
  author={Rosofsky, Shawn G and Gold, Roman and Chirenti, Cecilia and Huerta, EA and Miller, M Coleman},
  journal={Physical Review D},
  volume={99},
  number={8},
  pages={084024},
  year={2019},
  publisher={APS}
}

@article{chaurasia2018gravitational,
  title={Gravitational waves and mass ejecta from binary neutron star mergers: Effect of large eccentricities},
  author={Chaurasia, Swami Vivekanandji and Dietrich, Tim and Johnson-McDaniel, Nathan K and Ujevic, Maximiliano and Tichy, Wolfgang and Br{\"u}gmann, Bernd},
  journal={Physical Review D},
  volume={98},
  number={10},
  pages={104005},
  year={2018},
  publisher={APS}
}

@article{papenfort2018dynamical,
  title={Dynamical ejecta and nucleosynthetic yields from eccentric binary neutron-star mergers},
  author={Papenfort, L Jens and Gold, Roman and Rezzolla, Luciano},
  journal={Physical Review D},
  volume={98},
  number={10},
  pages={104028},
  year={2018},
  publisher={APS}
}

@article{chirenti2017gravitational,
  title={Gravitational waves from f-modes excited by the inspiral of highly eccentric neutron star binaries},
  author={Chirenti, Cecilia and Gold, Roman and Miller, M Coleman},
  journal={The Astrophysical Journal},
  volume={837},
  number={1},
  pages={67},
  year={2017},
  publisher={IOP Publishing}
}

@article{gold2012eccentric,
  title={Eccentric binary neutron star mergers},
  author={Gold, Roman and Bernuzzi, Sebastiano and Thierfelder, Marcus and Br{\"u}gmann, Bernd and Pretorius, Frans},
  journal={Physical Review D},
  volume={86},
  number={12},
  pages={121501},
  year={2012},
  publisher={APS}
}
fmax UR
@article{takami2015spectral,
  title={Spectral properties of the post-merger gravitational-wave signal from binary neutron stars},
  author={Takami, Kentaro and Rezzolla, Luciano and Baiotti, Luca},
  journal={Physical Review D},
  volume={91},
  number={6},
  pages={064001},
  year={2015},
  publisher={APS}
}
fmax UR
@article{rezzolla2016gravitational,
	title={Gravitational-wave signal from binary neutron stars: a systematic analysis of the spectral properties},
	author={Rezzolla, Luciano and Takami, Kentaro},
	journal={Physical Review D},
	volume={93},
	number={12},
	pages={124051},
	year={2016},
	publisher={APS}
}
fmax UR
@article{read2013matter,
  title={Matter effects on binary neutron star waveforms},
  author={Read, Jocelyn S and Baiotti, Luca and Creighton, Jolien DE and Friedman, John L and Giacomazzo, Bruno and Kyutoku, Koutarou and Markakis, Charalampos and Rezzolla, Luciano and Shibata, Masaru and Taniguchi, Keisuke},
  journal={Physical review D},
  volume={88},
  number={4},
  pages={044042},
  year={2013},
  publisher={APS}
}

contact freq
@article{damour2012measurability,
  title={Measurability of the tidal polarizability of neutron stars in late-inspiral gravitational-wave signals},
  author={Damour, Thibault and Nagar, Alessandro and Villain, Loic},
  journal={Physical Review D},
  volume={85},
  number={12},
  pages={123007},
  year={2012},
  publisher={APS}
}

@article{chan2014multipolar,
	title={Multipolar universal relations between f-mode frequency and tidal deformability of compact stars},
	author={Chan, TK and Sham, Y-H and Leung, PT and Lin, L-M},
	journal={Physical Review D},
	volume={90},
	number={12},
	pages={124023},
	year={2014},
	publisher={APS}
}


@article{dimmelmeier2006non,
	title={Non-linear axisymmetric pulsations of rotating relativistic stars in the conformal flatness approximation},
	author={Dimmelmeier, Harald and Stergioulas, Nikolaos and Font, Jos{\'e} A},
	journal={Monthly Notices of the Royal Astronomical Society},
	volume={368},
	number={4},
	pages={1609--1630},
	year={2006},
	publisher={Blackwell Publishing Ltd Oxford, UK}
}

@article{dietrich2017gravitational2,
  title={Gravitational waves and mass ejecta from binary neutron star mergers: Effect of the mass ratio},
  author={Dietrich, Tim and Ujevic, Maximiliano and Tichy, Wolfgang and Bernuzzi, Sebastiano and Br{\"u}gmann, Bernd},
  journal={Physical Review D},
  volume={95},
  number={2},
  pages={024029},
  year={2017},
  publisher={APS}
}

@article{dietrich2017gravitational,
  title={Gravitational waves and mass ejecta from binary neutron star mergers: Effect of the stars’ rotation},
  author={Dietrich, Tim and Bernuzzi, Sebastiano and Ujevic, Maximiliano and Tichy, Wolfgang},
  journal={Physical Review D},
  volume={95},
  number={4},
  pages={044045},
  year={2017},
  publisher={APS}
}
MS1b
@article{mueller1996relativistic,
  title={Relativistic mean-field theory and the high-density nuclear equation of state},
  author={Mueller, Horst and Serot, Brian D},
  journal={arXiv preprint nucl-th/9603037},
  year={1996}
}
seba
@article{bernuzzi2014quasiuniversal,
  title={Quasiuniversal properties of neutron star mergers},
  author={Bernuzzi, Sebastiano and Nagar, Alessandro and Balmelli, Simone and Dietrich, Tim and Ujevic, Maximiliano},
  journal={Physical Review Letters},
  volume={112},
  number={20},
  pages={201101},
  year={2014},
  publisher={APS}
}
ET
@article{punturo2010einstein,
  title={The Einstein Telescope: a third-generation gravitational wave observatory},
  author={Punturo, M and Abernathy, M and Acernese, F and Allen, B and Andersson, Nils and Arun, K and Barone, F and Barr, B and Barsuglia, M and Beker, M and others},
  journal={Classical and Quantum Gravity},
  volume={27},
  number={19},
  pages={194002},
  year={2010},
  publisher={IOP Publishing}
}

!!! new 
@article{Ma_2020,
   title={Excitation of f-modes during mergers of spinning binary neutron star},
   volume={101},
   ISSN={2470-0029},
   url={http://dx.doi.org/10.1103/PhysRevD.101.123020},
   DOI={10.1103/physrevd.101.123020},
   number={12},
   journal={Physical Review D},
   publisher={American Physical Society (APS)},
   author={Ma, Sizheng and Yu, Hang and Chen, Yanbei},
   year={2020},
   month={Jun}
}

!!! new
@article{Vick_2019,
  title = {Tidal effects in eccentric coalescing neutron star binaries},
  author = {Vick, Michelle and Lai, Dong},
  journal = {Phys. Rev. D},
  volume = {100},
  issue = {6},
  pages = {063001},
  numpages = {11},
  year = {2019},
  month = {Sep},
  publisher = {American Physical Society},
  doi = {10.1103/PhysRevD.100.063001},
  url = {https://link.aps.org/doi/10.1103/PhysRevD.100.063001}
}

!!! new
@article{Yang_2019,
  title = {Inspiralling eccentric binary neutron stars: Orbital motion and tidal resonance},
  author = {Yang, Huan},
  journal = {Phys. Rev. D},
  volume = {100},
  issue = {6},
  pages = {064023},
  numpages = {18},
  year = {2019},
  month = {Sep},
  publisher = {American Physical Society},
  doi = {10.1103/PhysRevD.100.064023},
  url = {https://link.aps.org/doi/10.1103/PhysRevD.100.064023}
}


!!! new
@article{Bauswein_2016,
   title={Exploring properties of high-density matter through remnants of neutron-star mergers},
   volume={52},
   ISSN={1434-601X},
   url={http://dx.doi.org/10.1140/epja/i2016-16056-7},
   DOI={10.1140/epja/i2016-16056-7},
   number={3},
   journal={The European Physical Journal A},
   publisher={Springer Science and Business Media LLC},
   author={Bauswein, Andreas and Stergioulas, Nikolaos and Janka, Hans-Thomas},
   year={2016},
   month={Mar}
}



ATs
@article{ferrari2012tidal,
  title={Tidal interaction in compact binaries: a post-Newtonian affine framework},
  author={Ferrari, V and Gualtieri, L and Maselli, A},
  journal={Physical Review D},
  volume={85},
  number={4},
  pages={044045},
  year={2012},
  publisher={APS}
}
@article{dietrich2019matter,
	title={Matter imprints in waveform models for neutron star binaries: Tidal and self-spin effects},
	author={Dietrich, Tim and Khan, Sebastian and Dudi, Reetika and Kapadia, Shasvath J and Kumar, Prayush and Nagar, Alessandro and Ohme, Frank and Pannarale, Francesco and Samajdar, Anuradha and Bernuzzi, Sebastiano and others},
	journal={Physical Review D},
	volume={99},
	number={2},
	pages={024029},
	year={2019},
	publisher={APS}
}

@article{lau2010inferring,
	title={Inferring physical parameters of compact stars from their f-mode gravitational wave signals},
	author={Lau, HK and Leung, PT and Lin, LM},
	journal={The Astrophysical Journal},
	volume={714},
	number={2},
	pages={1234},
	year={2010},
	publisher={IOP Publishing}
}

@article{steinhoff2016dynamical,
	title={Dynamical tides in general relativity: effective action and effective-one-body Hamiltonian},
	author={Steinhoff, Jan and Hinderer, Tanja and Buonanno, Alessandra and Taracchini, Andrea},
	journal={Physical Review D},
	volume={94},
	number={10},
	pages={104028},
	year={2016},
	publisher={APS}
}

@article{hinderer2016effects,
	title={Effects of neutron-star dynamic tides on gravitational waveforms within the effective-one-body approach},
	author={Hinderer, Tanja and Taracchini, Andrea and Foucart, Francois and Buonanno, Alessandra and Steinhoff, Jan and Duez, Matthew and Kidder, Lawrence E and Pfeiffer, Harald P and Scheel, Mark A and Szilagyi, Bela and others},
	journal={Physical review letters},
	volume={116},
	number={18},
	pages={181101},
	year={2016},
	publisher={APS}
}

N Andersson, P Pnigouras (2)
@article{andersson2019seismology,
  title={The seismology of Love: An effective model for the neutron star tidal deformability},
  author={Andersson, Nils and Pnigouras, Pantelis},
  journal={arXiv preprint arXiv:1905.00012},
  year={2019}
}

N Andersson, P Pnigouras (1)
@article{andersson2020exploring,
  title={Exploring the effective tidal deformability of neutron stars},
  author={Andersson, Nils and Pnigouras, Pantelis},
  journal={Physical Review D},
  volume={101},
  number={8},
  pages={083001},
  year={2020},
  publisher={APS}
}
Love number definition
@article{mora2004post,
  title={Post-Newtonian diagnostic of quasiequilibrium binary configurations of compact objects},
  author={Mora, Thierry and Will, Clifford M},
  journal={Physical Review D},
  volume={69},
  number={10},
  pages={104021},
  year={2004},
  publisher={APS}
}
Mf vs eta dr lin 
@article{lau2010inferring,
  title={Inferring physical parameters of compact stars from their f-mode gravitational wave signals},
  author={Lau, HK and Leung, PT and Lin, LM},
  journal={The Astrophysical Journal},
  volume={714},
  number={2},
  pages={1234},
  year={2010},
  publisher={IOP Publishing}
}

@article{flanagan2008constraining,
  title={Constraining neutron-star tidal Love numbers with gravitational-wave detectors},
  author={Flanagan, {\'E}anna {\'E} and Hinderer, Tanja},
  journal={Physical Review D},
  volume={77},
  number={2},
  pages={021502},
  year={2008},
  publisher={APS}
}


@article{pratten2020gravitational,
	title={Gravitational-wave asteroseismology with fundamental modes from compact binary inspirals},
	author={Pratten, Geraint and Schmidt, Patricia and Hinderer, Tanja},
	journal={Nature communications},
	volume={11},
	number={1},
	pages={1--7},
	year={2020},
	publisher={Nature Publishing Group}
}
gw170817 constrain EOS
@article{rezzolla2018using,
  title={Using gravitational-wave observations and quasi-universal relations to constrain the maximum mass of neutron stars},
  author={Rezzolla, Luciano and Most, Elias R and Weih, Lukas R},
  journal={The Astrophysical Journal Letters},
  volume={852},
  number={2},
  pages={L25},
  year={2018},
  publisher={IOP Publishing}
}

@article{most2018new,
  title={New constraints on radii and tidal deformabilities of neutron stars from GW170817},
  author={Most, Elias R and Weih, Lukas R and Rezzolla, Luciano and Schaffner-Bielich, J{\"u}rgen},
  journal={Physical review letters},
  volume={120},
  number={26},
  pages={261103},
  year={2018},
  publisher={APS}
}

@article{margalit2017constraining,
  title={Constraining the maximum mass of neutron stars from multi-messenger observations of GW170817},
  author={Margalit, Ben and Metzger, Brian D},
  journal={The Astrophysical Journal Letters},
  volume={850},
  number={2},
  pages={L19},
  year={2017},
  publisher={IOP Publishing}
}


@article{tews2018critical,
  title={Critical examination of constraints on the equation of state of dense matter obtained from GW170817},
  author={Tews, I and Margueron, J and Reddy, S},
  journal={Physical Review C},
  volume={98},
  number={4},
  pages={045804},
  year={2018},
  publisher={APS}
}

gw170817 constrain EOS/radius
@article{abbott2018gw170817,
  title={GW170817: Measurements of neutron star radii and equation of state},
  author={Abbott, Benjamin P and Abbott, Richard and Abbott, TD and Acernese, F and Ackley, K and Adams, C and Adams, T and Addesso, P and Adhikari, Rana X and Adya, Vaishali B and others},
  journal={Physical review letters},
  volume={121},
  number={16},
  pages={161101},
  year={2018},
  publisher={APS}
}
gw170817 constrain EOS/tidal
@article{malik2018gw170817,
  title={GW170817: Constraining the nuclear matter equation of state from the neutron star tidal deformability},
  author={Malik, Tuhin and Alam, N and Fortin, M and Provid{\^e}ncia, C and Agrawal, BK and Jha, TK and Kumar, Bharat and Patra, SK},
  journal={Physical Review C},
  volume={98},
  number={3},
  pages={035804},
  year={2018},
  publisher={APS}
}

mainland jj constrain fmode
@article{wen2019gw170817,
  title={GW170817 implications on the frequency and damping time of f-mode oscillations of neutron stars},
  author={Wen, De-Hua and Li, Bao-An and Chen, Hou-Yuan and Zhang, Nai-Bo},
  journal={Physical Review C},
  volume={99},
  number={4},
  pages={045806},
  year={2019},
  publisher={APS}
}


@article{schmidt2019frequency,
	title={Frequency domain model of f-mode dynamic tides in gravitational waveforms from compact binary inspirals},
	author={Schmidt, Patricia and Hinderer, Tanja},
	journal={Physical Review D},
	volume={100},
	number={2},
	pages={021501},
	year={2019},
	publisher={APS}
}
% apr4
@article{akmal1998equation,
	title={Equation of state of nucleon matter and neutron star structure},
	author={Akmal, A and Pandharipande, VR and Ravenhall, DG},
	journal={Physical Review C},
	volume={58},
	number={3},
	pages={1804},
	year={1998},
	publisher={APS}
} 
% alf2
@article{alford2005hybrid,
	title={Hybrid stars that masquerade as neutron stars},
	author={Alford, Mark and Braby, Matt and Paris, Mark and Reddy, Sanjay},
	journal={The Astrophysical Journal},
	volume={629},
	number={2},
	pages={969},
	year={2005},
	publisher={IOP Publishing}
}
% sly
@article{douchin2001unified,
	title={A unified equation of state of dense matter and neutron star structure},
	author={Douchin, F and Haensel, P},
	journal={Astronomy \& Astrophysics},
	volume={380},
	number={1},
	pages={151--167},
	year={2001},
	publisher={EDP Sciences}
}
%h4
@article{glendenning1991reconciliation,
	title={Reconciliation of neutron-star masses and binding of the $\Lambda$ in hypernuclei},
	author={Glendenning, NK and Moszkowski, SA},
	journal={Physical review letters},
	volume={67},
	number={18},
	pages={2414},
	year={1991},
	publisher={APS}
}
%gnh3
@article{glendenning1984neutron,
	title={Neutron stars are giant hypernuclei?},
	author={Glendenning, Norman K},
	year={1984}
}
%ls220
@article{lattimer1991generalized,
	title={A generalized equation of state for hot, dense matter},
	author={Lattimer, James M and Swesty, F Douglas},
	journal={Nuclear Physics A},
	volume={535},
	number={2},
	pages={331--376},
	year={1991},
	publisher={Elsevier}
}
eng
@article{engvik1995asymmetric,
	title={Asymmetric nuclear matter and neutron star properties},
	author={Engvik, L and Bao, G and Hjorth-Jensen, M and Osnes, E and Oestaard, E},
	journal={arXiv preprint nucl-th/9509016},
	year={1995}
}

%piecewise 
@article{read2009constraints,
	title={Constraints on a phenomenologically parametrized neutron-star equation of state},
	author={Read, Jocelyn S and Lackey, Benjamin D and Owen, Benjamin J and Friedman, John L},
	journal={Physical Review D},
	volume={79},
	number={12},
	pages={124032},
	year={2009},
	publisher={APS}
}
% hlle
@article{harten1983upstream,
	title={On upstream differencing and Godunov-type schemes for hyperbolic conservation laws},
	author={Harten, Amiram and Lax, Peter D and Leer, Bram van},
	journal={SIAM review},
	volume={25},
	number={1},
	pages={35--61},
	year={1983},
	publisher={SIAM}
}
gmunu
@article{cheong2020gmunu,
	title={Gmunu: Toward multigrid based Einstein field equations solver for general-relativistic hydrodynamics simulations},
	author={Cheong, Patrick Chi-Kit and Lin, Lap-Ming and Li, Tjonnie Guang-Feng},
	journal={Classical and Quantum Gravity},
	year={2020},
	publisher={IOP Publishing}
}
XNS
@article{bucciantini2011general,
	title={General relativistic magnetohydrodynamics in axisymmetric dynamical spacetimes: the X-ECHO code},
	author={Bucciantini, N and Del Zanna, L},
	journal={Astronomy \& Astrophysics},
	volume={528},
	pages={A101},
	year={2011},
	publisher={EDP Sciences}
}
xns2
@article{pili2014axisymmetric,
	title={Axisymmetric equilibrium models for magnetized neutron stars in General Relativity under the Conformally Flat Condition},
	author={Pili, AG and Bucciantini, N and Del Zanna, L},
	journal={Monthly Notices of the Royal Astronomical Society},
	volume={439},
	number={4},
	pages={3541--3563},
	year={2014},
	publisher={Narnia}
}

@article{pili2017general,
	title={General relativistic models for rotating magnetized neutron stars in conformally flat space--time},
	author={Pili, AG and Bucciantini, N and Del Zanna, L},
	journal={Monthly Notices of the Royal Astronomical Society},
	volume={470},
	number={2},
	pages={2469--2493},
	year={2017},
	publisher={Oxford University Press}
}
CFC
@article{isenberg2008waveless,
	title={Waveless approximation theories of gravity},
	author={Isenberg, James A},
	journal={International Journal of Modern Physics D},
	volume={17},
	number={02},
	pages={265--273},
	year={2008},
	publisher={World Scientific}
}
cfc
@article{wilson2003relativistic,
	title={Relativistic Numerical Hydrodynamics, by James R. Wilson and Grant J. Mathews},
	author={Wilson, JR},
	journal={ISBN},
	volume={521631556},
	pages={232},
	year={2003}
}

cfc accuate
@article{cook1996testing,
	title={Testing a simplified version of Einstein’s equations for numerical relativity},
	author={Cook, Gregory B and Shapiro, Stuart L and Teukolsky, Saul A},
	journal={Physical Review D},
	volume={53},
	number={10},
	pages={5533},
	year={1996},
	publisher={APS}
}
cfc accuate
@article{shibata2004gravitational,
	title={Gravitational waves from axisymmetric rotating stellar core collapse to a neutron star in full general relativity},
	author={Shibata, Masaru and Sekiguchi, Yu-ichirou},
	journal={Physical Review D},
	volume={69},
	number={8},
	pages={084024},
	year={2004},
	publisher={APS}
}
cfc accurate
@article{bauswein2012equation,
	title={Equation-of-state dependence of the gravitational-wave signal from the ring-down phase of neutron-star mergers},
	author={Bauswein, A and Janka, H-T and Hebeler, K and Schwenk, A},
	journal={Physical Review D},
	volume={86},
	number={6},
	pages={063001},
	year={2012},
	publisher={APS}
}
cfc accurate
@article{bauswein2014revealing,
	title={Revealing the high-density equation of state through binary neutron star mergers},
	author={Bauswein, A and Stergioulas, N and Janka, H-T},
	journal={Physical Review D},
	volume={90},
	number={2},
	pages={023002},
	year={2014},
	publisher={APS}
}
cfc accurate
@article{saijo2004collapse,
	title={The collapse of differentially rotating supermassive stars: conformally flat simulations},
	author={Saijo, Motoyuki},
	journal={The Astrophysical Journal},
	volume={615},
	number={2},
	pages={866},
	year={2004},
	publisher={IOP Publishing}
}

@article{cordero2009improved,
	title={Improved constrained scheme for the Einstein equations: An approach to the uniqueness issue},
	author={Cordero-Carri{\'o}n, Isabel and Cerd{\'a}-Dur{\'a}n, Pablo and Dimmelmeier, Harald and Jaramillo, Jos{\'e} Luis and Novak, J{\'e}r{\^o}me and Gourgoulhon, Eric},
	journal={Physical Review D},
	volume={79},
	number={2},
	pages={024017},
	year={2009},
	publisher={APS}
}	

@article{marti1991numerical,
	title={Numerical relativistic hydrodynamics: local characteristic approach},
	author={Mart{\'\i}, Jos{\'e} Ma and Ib{\'a}nez, Jos{\'e} Ma and Miralles, Juan A},
	journal={Physical Review D},
	volume={43},
	number={12},
	pages={3794},
	year={1991},
	publisher={APS}
}
gw170817
@article{abbott2017gw170817,
	title={GW170817: observation of gravitational waves from a binary neutron star inspiral},
	author={Abbott, Benjamin P and Abbott, Rich and Abbott, TD and Acernese, Fausto and Ackley, Kendall and Adams, Carl and Adams, Thomas and Addesso, Paolo and Adhikari, RX and Adya, VB and others},
	journal={Physical Review Letters},
	volume={119},
	number={16},
	pages={161101},
	year={2017},
	publisher={APS}
}
ad LIGO
@article{aasi2015advanced,
	title={Advanced ligo},
	author={Aasi, Junaid and Abbott, BP and Abbott, Richard and Abbott, Thomas and Abernathy, MR and Ackley, Kendall and Adams, Carl and Adams, Thomas and Addesso, Paolo and Adhikari, RX and others},
	journal={Classical and quantum gravity},
	volume={32},
	number={7},
	pages={074001},
	year={2015},
	publisher={IOP Publishing}
}
ad virgo
@article{acernese2014advanced,
	title={Advanced Virgo: a second-generation interferometric gravitational wave detector},
	author={Acernese, F and Agathos, M and Agatsuma, K and Aisa, D and Allemandou, N and Allocca, A and Amarni, J and Astone, P and Balestri, G and Ballardin, G and others},
	journal={Classical and Quantum Gravity},
	volume={32},
	number={2},
	pages={024001},
	year={2014},
	publisher={IOP Publishing}
}
kagra
@article{aso2013interferometer,
	title={Interferometer design of the KAGRA gravitational wave detector},
	author={Aso, Yoichi and Michimura, Yuta and Somiya, Kentaro and Ando, Masaki and Miyakawa, Osamu and Sekiguchi, Takanori and Tatsumi, Daisuke and Yamamoto, Hiroaki and KAGRA Collaboration and others},
	journal={Physical Review D},
	volume={88},
	number={4},
	pages={043007},
	year={2013},
	publisher={APS}
}
phasing
@article{kokkotas1995tidal,
  title={Tidal and tidal-resonant effects in coalescing binaries},
  author={Kokkotas, Kostas D and Sch{\"a}fer, Gerhard},
  journal={Monthly Notices of the Royal Astronomical Society},
  volume={275},
  number={2},
  pages={301--308},
  year={1995},
  publisher={The Royal Astronomical Society}
}
@article{yu2017resonant,
  title={Resonant tidal excitation of superfluid neutron stars in coalescing binaries},
  author={Yu, Hang and Weinberg, Nevin N},
  journal={Monthly Notices of the Royal Astronomical Society},
  volume={464},
  number={3},
  pages={2622--2637},
  year={2017},
  publisher={Oxford University Press}
}

@article{asali2020probing,
  title={Probing resonant excitations in exotic compact objects via gravitational waves},
  author={Asali, Yasmeen and Pang, Peter TH and Samajdar, Anuradha and Broeck, Chris Van Den},
  journal={arXiv preprint arXiv:2004.05128},
  year={2020}
}

@article{ho2018gravitational,
  title={Gravitational waves from neutron stars and asteroseismology},
  author={Ho, Wynn CG},
  journal={Philosophical Transactions of the Royal Society A: Mathematical, Physical and Engineering Sciences},
  volume={376},
  number={2120},
  pages={20170285},
  year={2018},
  publisher={The Royal Society Publishing}
}

phasing
@article{flanagan2007gravitomagnetic,
  title={Gravitomagnetic resonant excitation of Rossby modes in coalescing neutron star binaries},
  author={Flanagan, Eanna E and Racine, Etienne},
  journal={Physical Review D},
  volume={75},
  number={4},
  pages={044001},
  year={2007},
  publisher={APS}
}

phasing
@article{lai1994resonant,
  title={Resonant oscillations and tidal heating in coalescing binary neutron stars},
  author={Lai, Dong},
  journal={Monthly Notices of the Royal Astronomical Society},
  volume={270},
  number={3},
  pages={611--629},
  year={1994},
  publisher={The Royal Astronomical Society}
}

wynn2018, phasing
@article{ho2018gravitational,
	title={Gravitational waves from neutron stars and asteroseismology},
	author={Ho, Wynn CG},
	journal={Philosophical Transactions of the Royal Society A: Mathematical, Physical and Engineering Sciences},
	volume={376},
	number={2120},
	pages={20170285},
	year={2018},
	publisher={The Royal Society Publishing}
}
phasing
@article{shibata1994effects,
  title={Effects of tidal resonances in coalescing compact binary systems},
  author={Shibata, Masaru},
  journal={Progress of Theoretical Physics},
  volume={91},
  number={5},
  pages={871--883},
  year={1994},
  publisher={Oxford University Press}
}





@article{yagi2013love,
	title={I-Love-Q: Unexpected universal relations for neutron stars and quark stars},
	author={Yagi, Kent and Yunes, Nicolas},
	journal={Science},
	volume={341},
	number={6144},
	pages={365--368},
	year={2013},
	publisher={American Association for the Advancement of Science}
}

AT tides
@article{bernuzzi2014quasiuniversal,
	title={Quasiuniversal properties of neutron star mergers},
	author={Bernuzzi, Sebastiano and Nagar, Alessandro and Balmelli, Simone and Dietrich, Tim and Ujevic, Maximiliano},
	journal={Physical Review Letters},
	volume={112},
	number={20},
	pages={201101},
	year={2014},
	publisher={APS}
}
TOV
@article{zurek1984black,
	title={Black-hole thermodynamics and singular solutions of the Tolman-Oppenheimer-Volkoff equation},
	author={Zurek, WH and Page, Don N},
	journal={Physical Review D},
	volume={29},
	number={4},
	pages={628},
	year={1984},
	publisher={APS}
}
Max. mass constrsint
@article{antoniadis2013massive,
	title={A massive pulsar in a compact relativistic binary},
	author={Antoniadis, John and Freire, Paulo CC and Wex, Norbert and Tauris, Thomas M and Lynch, Ryan S and van Kerkwijk, Marten H and Kramer, Michael and Bassa, Cees and Dhillon, Vik S and Driebe, Thomas and others},
	journal={Science},
	volume={340},
	number={6131},
	year={2013},
	publisher={American Association for the Advancement of Science}
}
TVD
@article{kuzmin2004high,
	title={High-resolution FEM-TVD schemes based on a fully multidimensional flux limiter},
	author={Kuzmin, Dmitri and Turek, Stefan},
	journal={Journal of Computational Physics},
	volume={198},
	number={1},
	pages={131--158},
	year={2004},
	publisher={Elsevier}
}
Comapcntess UR
@article{breu2016maximum,
	title={Maximum mass, moment of inertia and compactness of relativistic stars},
	author={Breu, Cosima and Rezzolla, Luciano},
	journal={Monthly Notices of the Royal Astronomical Society},
	volume={459},
	number={1},
	pages={646--656},
	year={2016},
	publisher={Oxford University Press}
}

GRB2017
@article{goldstein2017ordinary,
  title={An ordinary short gamma-ray burst with extraordinary implications: Fermi-GBM detection of GRB 170817A},
  author={Goldstein, A and Veres, P and Burns, E and Briggs, MS and Hamburg, R and Kocevski, D and Wilson-Hodge, CA and Preece, RD and Poolakkil, S and Roberts, OJ and others},
  journal={The Astrophysical Journal Letters},
  volume={848},
  number={2},
  pages={L14},
  year={2017},
  publisher={IOP Publishing}
}


PT quark matters
@article{ranea2018oscillation,
  title={Oscillation modes of hybrid stars within the relativistic Cowling approximation},
  author={Ranea-Sandoval, Ignacio F and Guilera, Octavio M and Mariani, Mauro and Orsaria, Milva G},
  journal={Journal of Cosmology and Astroparticle Physics},
  volume={2018},
  number={12},
  pages={031},
  year={2018},
  publisher={IOP Publishing}
}
HMNS f2 = 2f 
@article{stergioulas2011gravitational,
  title={Gravitational waves and non-axisymmetric oscillation modes in mergers of compact object binaries},
  author={Stergioulas, Nikolaos and Bauswein, Andreas and Zagkouris, Kimon and Janka, Hans-Thomas},
  journal={Monthly Notices of the Royal Astronomical Society},
  volume={418},
  number={1},
  pages={427--436},
  year={2011},
  publisher={Blackwell Publishing Ltd Oxford, UK}
}
HMNS
@article{andersson1998towards,
  title={Towards gravitational wave asteroseismology},
  author={Andersson, Nils and Kokkotas, Kostas D},
  journal={Monthly Notices of the Royal Astronomical Society},
  volume={299},
  number={4},
  pages={1059--1068},
  year={1998},
  publisher={Blackwell Science Ltd Oxford, UK}
}
HMNS takami
@article{takami2014constraining,
  title={Constraining the equation of state of neutron stars from binary mergers},
  author={Takami, Kentaro and Rezzolla, Luciano and Baiotti, Luca},
  journal={Physical Review Letters},
  volume={113},
  number={9},
  pages={091104},
  year={2014},
  publisher={APS}
}

@article{bauswein2012measuring,
  title={Measuring neutron-star properties via gravitational waves from neutron-star mergers},
  author={Bauswein, A and Janka, H-T},
  journal={Physical review letters},
  volume={108},
  number={1},
  pages={011101},
  year={2012},
  publisher={APS}
}

wynn 1999
@article{wynn1999resonant,
	title={Resonant tidal excitations of rotating neutron stars in coalescing binaries},
	author={Wynn, CG Ho and Dong, Lai},
	journal={Monthly Notices of the Royal Astronomical Society},
	volume={308},
	number={1},
	pages={153--166},
	year={1999},
	publisher={The Royal Astronomical Society}
}
frame-dragging
@article{vines2016canonical,
	title={Canonical Hamiltonian for an extended test body in curved spacetime: To quadratic order in spin},
	author={Vines, Justin and Kunst, Daniela and Steinhoff, Jan and Hinderer, Tanja},
	journal={Physical Review D},
	volume={93},
	number={10},
	pages={103008},
	year={2016},
	publisher={APS}
}

f-mode properties
@article{xu2017resonant,
  title={Resonant tidal excitation of oscillation modes in merging binary neutron stars: Inertial-gravity modes},
  author={Xu, Wenrui and Lai, Dong},
  journal={Physical Review D},
  volume={96},
  number={8},
  pages={083005},
  year={2017},
  publisher={APS}
}




@article{ardevol2019improved,
  title={Improved leakage-equilibration-absorption scheme (ILEAS) for neutrino physics in compact object mergers},
  author={Ardevol-Pulpillo, Ricard and Janka, H Thomas and Just, Oliver and Bauswein, Andreas},
  journal={Monthly Notices of the Royal Astronomical Society},
  volume={485},
  number={4},
  pages={4754--4789},
  year={2019},
  publisher={Oxford University Press}
}


%###########################################
%###########################################
%###########################################
%###########################################
@article{CoCoNuT,
  title = {Combining spectral and shock-capturing methods: A new numerical approach for 3D relativistic core collapse simulations},
  author = {Dimmelmeier, Harald and Novak, J\'er\^ome and Font, Jos\'e A. and Ib\'a\~nez, Jos\'e M. and M\"uller, Ewald},
  journal = {Phys. Rev. D},
  volume = {71},
  issue = {6},
  pages = {064023},
  numpages = {30},
  year = {2005},
  month = {Mar},
  publisher = {American Physical Society},
  doi = {10.1103/PhysRevD.71.064023},
  url = {https://link.aps.org/doi/10.1103/PhysRevD.71.064023}
}

@article{XECHO,
	author = {{Bucciantini, N.} and {Del Zanna, L.}},
	title = {General relativistic magnetohydrodynamics in axisymmetric
          dynamical spacetimes: the X-ECHO code},
	DOI= "10.1051/0004-6361/201015945",
	url= "https://doi.org/10.1051/0004-6361/201015945",
	journal = {A\&A},
	year = 2011,
	volume = 528,
	pages = "A101",
	month = "",
}


@article{HLLE1,
author = {Einfeldt, B.},
title = {On Godunov-Type Methods for Gas Dynamics},
journal = {SIAM Journal on Numerical Analysis},
volume = {25},
number = {2},
pages = {294-318},
year = {1988},
doi = {10.1137/0725021},
URL = {https://doi.org/10.1137/0725021},
eprint = {https://doi.org/10.1137/0725021}
}

@article{HLLE2,
author = {Harten, A. and Lax, P. and Leer, B.},
title = {On Upstream Differencing and Godunov-Type Schemes for Hyperbolic Conservation Laws},
journal = {SIAM Review},
volume = {25},
number = {1},
pages = {35-61},
year = {1983},
doi = {10.1137/1025002},

URL = {https://doi.org/10.1137/1025002},
eprint = {https://doi.org/10.1137/1025002}

}

@ARTICLE{CoCoA,
       author = {{Dimmelmeier}, H. and {Font}, J.~A. and {M{\"u}ller}, E.},
        title = "{Relativistic simulations of rotational core collapse I. Methods, initial models, and code tests}",
      journal = {Astron. Astrophys.},
     keywords = {gravitation, gravitational waves, hydrodynamics, methods: numerical, relativity, Astrophysics, General Relativity and Quantum Cosmology},
         year = "2002",
        month = "Jun",
       volume = {388},
        pages = {917-935},
          doi = {10.1051/0004-6361:20020563},
archivePrefix = {arXiv},
       eprint = {astro-ph/0204288},
 primaryClass = {astro-ph},
       adsurl = {https://ui.adsabs.harvard.edu/abs/2002A&A...388..917D},
      adsnote = {Provided by the SAO/NASA Astrophysics Data System}
}

@ARTICLE{2002A&A...393..523D,
       author = {{Dimmelmeier}, H. and {Font}, J.~A. and {M{\"u}ller}, E.},
        title = "{Relativistic simulations of rotational core collapse II. Collapse dynamics and gravitational radiation}",
      journal = {Astron. Astrophys.},
     keywords = {gravitation, gravitational waves, hydrodynamics, stars: neutron, stars: rotation, stars: supernovae: general, Astrophysics, General Relativity and Quantum Cosmology},
         year = "2002",
        month = "Oct",
       volume = {393},
        pages = {523-542},
          doi = {10.1051/0004-6361:20021053},
archivePrefix = {arXiv},
       eprint = {astro-ph/0204289},
 primaryClass = {astro-ph},
       adsurl = {https://ui.adsabs.harvard.edu/abs/2002A&A...393..523D},
      adsnote = {Provided by the SAO/NASA Astrophysics Data System}
}

@ARTICLE{2000PhRvD..61d4011F,
       author = {{Font}, Jos{\'e} A. and {Miller}, Mark and {Suen}, Wai-Mo and
         {Tobias}, Malcolm},
        title = "{Three-dimensional numerical general relativistic hydrodynamics: Formulations, methods, and code tests}",
      journal = {Phys. Rev. D},
     keywords = {04.25.Dm, 47.75.+f, 95.30.Sf, 97.60.Jd, Numerical relativity, Relativistic fluid dynamics, Relativity and gravitation, Neutron stars, General Relativity and Quantum Cosmology, Astrophysics},
         year = "2000",
        month = "Feb",
       volume = {61},
       number = {4},
          eid = {044011},
        pages = {044011},
          doi = {10.1103/PhysRevD.61.044011},
archivePrefix = {arXiv},
       eprint = {gr-qc/9811015},
 primaryClass = {gr-qc},
       adsurl = {https://ui.adsabs.harvard.edu/abs/2000PhRvD..61d4011F},
      adsnote = {Provided by the SAO/NASA Astrophysics Data System}
}

@ARTICLE{2002PhRvD..65h4024F,
       author = {{Font}, Jos{\'e} A. and {Goodale}, Tom and {Iyer}, Sai and
         {Miller}, Mark and {Rezzolla}, Luciano and {Seidel}, Edward and
         {Stergioulas}, Nikolaos and {Suen}, Wai-Mo and {Tobias}, Malcolm},
        title = "{Three-dimensional numerical general relativistic hydrodynamics. II. Long-term dynamics of single relativistic stars}",
      journal = {Phys. Rev. D},
     keywords = {04.30.Db, 04.25.Dm, 95.30.Sf, Wave generation and sources, Numerical relativity, Relativity and gravitation, General Relativity and Quantum Cosmology, Astrophysics},
         year = "2002",
        month = "Apr",
       volume = {65},
       number = {8},
          eid = {084024},
        pages = {084024},
          doi = {10.1103/PhysRevD.65.084024},
archivePrefix = {arXiv},
       eprint = {gr-qc/0110047},
 primaryClass = {gr-qc},
       adsurl = {https://ui.adsabs.harvard.edu/abs/2002PhRvD..65h4024F},
      adsnote = {Provided by the SAO/NASA Astrophysics Data System}
}



@Inbook{Harten1997,
author="Harten, Amiram
and Lax, Peter D.
and van Leer, Bram",
editor="Hussaini, M. Yousuff
and van Leer, Bram
and Van Rosendale, John",
title="On Upstream Differencing and Godunov-Type Schemes for Hyperbolic Conservation Laws",
bookTitle="Upwind and High-Resolution Schemes",
year="1997",
publisher="Springer Berlin Heidelberg",
address="Berlin, Heidelberg",
pages="53--79",
abstract="This paper reviews some of the recent developments in upstream difference schemes through a unified representation, in order to enable comparison between the various schemes. Special attention is given to the Godunov-type schemes that result from using an approximate solution of the Riemann problem. For schemes based on flux splitting, the approximate Riemann solution can be interpreted as a solution of the collisionless Boltzmann equation.",
isbn="978-3-642-60543-7",
doi="10.1007/978-3-642-60543-7_4",
url="https://doi.org/10.1007/978-3-642-60543-7_4"
}

@ARTICLE{1996JCoPh.125...42D,
       author = {{Donat}, Rosa and {Marquina}, Antonio},
        title = "{Capturing Shock Reflections: An Improved Flux Formula}",
      journal = {Journal of Computational Physics},
         year = "1996",
        month = "Apr",
       volume = {125},
       number = {1},
        pages = {42-58},
          doi = {10.1006/jcph.1996.0078},
       adsurl = {https://ui.adsabs.harvard.edu/abs/1996JCoPh.125...42D},
      adsnote = {Provided by the SAO/NASA Astrophysics Data System}
}

@ARTICLE{1997JCoPh.136...83S,
       author = {{Suresh}, A. and {Huynh}, H.~T.},
        title = "{Accurate Monotonicity-Preserving Schemes with Runge Kutta Time Stepping}",
      journal = {Journal of Computational Physics},
         year = "1997",
        month = "Sep",
       volume = {136},
       number = {1},
        pages = {83-99},
          doi = {10.1006/jcph.1997.5745},
       adsurl = {https://ui.adsabs.harvard.edu/abs/1997JCoPh.136...83S},
      adsnote = {Provided by the SAO/NASA Astrophysics Data System}
}

@ARTICLE{2009SIAMR..51...82S,
       author = {{Shu}, Chi-Wang},
        title = "{High Order Weighted Essentially Nonoscillatory Schemes for Convection Dominated Problems}",
      journal = {SIAM Review},
     keywords = {weighted essentially nonoscillatory (WENO) scheme, hyperbolic partial differential equations, convection dominated problems, computational fluid dynamics, computational astronomy and astrophysics, semiconductor device simulation, traffic flow models, computational biology},
         year = "2009",
        month = "Jan",
       volume = {51},
       number = {1},
        pages = {82-126},
          doi = {10.1137/070679065},
       adsurl = {https://ui.adsabs.harvard.edu/abs/2009SIAMR..51...82S},
      adsnote = {Provided by the SAO/NASA Astrophysics Data System}
}

@ARTICLE{2013PhRvD..88f4009G,
       author = {{Galeazzi}, Filippo and {Kastaun}, Wolfgang and {Rezzolla}, Luciano and
         {Font}, Jos{\'e} A.},
        title = "{Implementation of a simplified approach to radiative transfer in general relativity}",
      journal = {Phys. Rev. D},
     keywords = {04.25.D-, 95.30.Jx, 97.60.Jd, 26.60.-c, Numerical relativity, Radiative transfer, scattering, Neutron stars, Nuclear matter aspects of neutron stars, General Relativity and Quantum Cosmology, Astrophysics - High Energy Astrophysical Phenomena},
         year = "2013",
        month = "Sep",
       volume = {88},
       number = {6},
          eid = {064009},
        pages = {064009},
          doi = {10.1103/PhysRevD.88.064009},
archivePrefix = {arXiv},
       eprint = {1306.4953},
 primaryClass = {gr-qc},
       adsurl = {https://ui.adsabs.harvard.edu/abs/2013PhRvD..88f4009G},
      adsnote = {Provided by the SAO/NASA Astrophysics Data System}
}

@Article{Martí2003,
author="Mart{\'i}, Jos{\'e} Maria
and M{\"u}ller, Ewald",
title="Numerical Hydrodynamics in Special Relativity",
journal="Living Reviews in Relativity",
year="2003",
month="Dec",
day="19",
volume="6",
number="1",
pages="7",
abstract="This review is concerned with a discussion of numerical methods for the solution of the equations of special relativistic hydrodynamics (SRHD). Particular emphasis is put on a comprehensive review of the application of high-resolution shock-capturing methods in SRHD. Results of a set of demanding test bench simulations obtained with different numerical SRHD methods are compared. Three applications (astrophysical jets, gamma-ray bursts and heavy ion collisions) of relativistic flows are discussed. An evaluation of various SRHD methods is presented, and future developments in SRHD are analyzed involving extension to general relativistic hydrodynamics and relativistic magneto-hydrodynamics. The review further provides FORTRAN programs to compute the exact solution of a 1D relativistic Riemann problem with zero and nonzero tangential velocities, and to simulate 1D relativistic flows in Cartesian Eulerian coordinates using the exact SRHD Riemann solver and PPM reconstruction.",
issn="1433-8351",
doi="10.12942/lrr-2003-7",
url="https://doi.org/10.12942/lrr-2003-7"
}

@ARTICLE{2008IJMPD..17..265I,
       author = {{Isenberg}, James A.},
        title = "{Waveless Approximation Theories of Gravity}",
      journal = {International Journal of Modern Physics D},
     keywords = {Gravitational radiation, approximations to General Relativity, General Relativity and Quantum Cosmology},
         year = "2008",
        month = "Jan",
       volume = {17},
       number = {2},
        pages = {265-273},
          doi = {10.1142/S0218271808011997},
archivePrefix = {arXiv},
       eprint = {gr-qc/0702113},
 primaryClass = {gr-qc},
       adsurl = {https://ui.adsabs.harvard.edu/abs/2008IJMPD..17..265I},
      adsnote = {Provided by the SAO/NASA Astrophysics Data System}
}

@ARTICLE{2002PhRvD..65j3005O,
       author = {{Oechslin}, Roland and {Rosswog}, Stephan and
         {Thielemann}, Friedrich-Karl},
        title = "{Conformally flat smoothed particle hydrodynamics application to neutron star mergers}",
      journal = {Phys. Rev. D},
     keywords = {95.30.Lz, 04.30.Db, 95.85.Sz, 97.60.Jd, Hydrodynamics, Wave generation and sources, Gravitational radiation magnetic fields and other observations, Neutron stars, General Relativity and Quantum Cosmology, Astrophysics},
         year = "2002",
        month = "May",
       volume = {65},
       number = {10},
          eid = {103005},
        pages = {103005},
          doi = {10.1103/PhysRevD.65.103005},
archivePrefix = {arXiv},
       eprint = {gr-qc/0111005},
 primaryClass = {gr-qc},
       adsurl = {https://ui.adsabs.harvard.edu/abs/2002PhRvD..65j3005O},
      adsnote = {Provided by the SAO/NASA Astrophysics Data System}
}

@ARTICLE{2004ApJ...615..866S,
   author = {{Saijo}, M.},
    title = "{The Collapse of Differentially Rotating Supermassive Stars: Conformally Flat Simulations}",
  journal = {Astrophys. J.},
   eprint = {astro-ph/0407621},
 keywords = {Black Hole Physics, Gravitational Waves, Hydrodynamics, Instabilities, Relativity, Stars: Rotation},
     year = 2004,
    month = nov,
   volume = 615,
    pages = {866-879},
      doi = {10.1086/424700},
   adsurl = {https://ui.adsabs.harvard.edu/abs/2004ApJ...615..866S},
  adsnote = {Provided by the SAO/NASA Astrophysics Data System}
}

@ARTICLE{2019arXiv190811258C,
       author = {{Camelio}, Giovanni and {Dietrich}, Tim and {Marques}, Miguel and
         {Rosswog}, Stephan},
        title = "{Rotating neutron stars with non-barotropic thermal profile}",
      journal = {arXiv e-prints},
     keywords = {General Relativity and Quantum Cosmology, Astrophysics - High Energy Astrophysical Phenomena},
         year = "2019",
        month = "Aug",
          eid = {arXiv:1908.11258},
        pages = {arXiv:1908.11258},
archivePrefix = {arXiv},
       eprint = {1908.11258},
 primaryClass = {gr-qc},
       adsurl = {https://ui.adsabs.harvard.edu/abs/2019arXiv190811258C},
      adsnote = {Provided by the SAO/NASA Astrophysics Data System}
}

@ARTICLE{2018MNRAS.480.5272C,
       author = {{Camelio}, Giovanni and {Dietrich}, Tim and {Rosswog}, Stephan},
        title = "{Disc formation in the collapse of supramassive neutron stars}",
      journal = {Mon. Not. Roy. Astron. Soc.},
     keywords = {accretion discs, hydrodynamics, methods: numerical, gamma-ray burst: general, stars: neutron, stars: rotation, Astrophysics - High Energy Astrophysical Phenomena, General Relativity and Quantum Cosmology},
         year = "2018",
        month = "Nov",
       volume = {480},
       number = {4},
        pages = {5272-5285},
          doi = {10.1093/mnras/sty2181},
archivePrefix = {arXiv},
       eprint = {1806.07775},
 primaryClass = {astro-ph.HE},
       adsurl = {https://ui.adsabs.harvard.edu/abs/2018MNRAS.480.5272C},
      adsnote = {Provided by the SAO/NASA Astrophysics Data System}
}

@ARTICLE{2006gr.qc.....4100H,
       author = {{Hawley}, Scott H. and {Vitalo}, Michael J. and {Matzner}, Richard A.},
        title = "{Spin Dependence in Computational Black Hole Data}",
      journal = {arXiv e-prints},
     keywords = {General Relativity and Quantum Cosmology, Astrophysics},
         year = "2006",
        month = "Apr",
          eid = {gr-qc/0604100},
        pages = {gr-qc/0604100},
archivePrefix = {arXiv},
       eprint = {gr-qc/0604100},
 primaryClass = {gr-qc},
       adsurl = {https://ui.adsabs.harvard.edu/abs/2006gr.qc.....4100H},
      adsnote = {Provided by the SAO/NASA Astrophysics Data System}
}

@ARTICLE{2012PhRvD..86j4053E,
       author = {{East}, William E. and {Ramazano{\v{g}}lu}, Fethi M. and
         {Pretorius}, Frans},
        title = "{Conformal thin-sandwich solver for generic initial data}",
      journal = {Phys. Rev. D},
     keywords = {04.20.Ex, 04.25.D-, 04.25.dg, 04.25.dk, Initial value problem existence and uniqueness of solutions, Numerical relativity, Numerical studies of black holes and black-hole binaries, Numerical studies of other relativistic binaries, General Relativity and Quantum Cosmology},
         year = "2012",
        month = "Nov",
       volume = {86},
       number = {10},
          eid = {104053},
        pages = {104053},
          doi = {10.1103/PhysRevD.86.104053},
archivePrefix = {arXiv},
       eprint = {1208.3473},
 primaryClass = {gr-qc},
       adsurl = {https://ui.adsabs.harvard.edu/abs/2012PhRvD..86j4053E},
      adsnote = {Provided by the SAO/NASA Astrophysics Data System}
}

@ARTICLE{2014PhRvD..90h4043M,
       author = {{Moldenhauer}, Niclas and {Markakis}, Charalampos M. and
         {Johnson-McDaniel}, Nathan K. and {Tichy}, Wolfgang and
         {Br{\"u}gmann}, Bernd},
        title = "{Initial data for binary neutron stars with adjustable eccentricity}",
      journal = {Phys. Rev. D},
     keywords = {04.20.Ex, 04.25.dk, 04.30.Db, 97.60.Jd, Initial value problem existence and uniqueness of solutions, Numerical studies of other relativistic binaries, Wave generation and sources, Neutron stars, General Relativity and Quantum Cosmology, Astrophysics - Solar and Stellar Astrophysics},
         year = "2014",
        month = "Oct",
       volume = {90},
       number = {8},
          eid = {084043},
        pages = {084043},
          doi = {10.1103/PhysRevD.90.084043},
archivePrefix = {arXiv},
       eprint = {1408.4136},
 primaryClass = {gr-qc},
       adsurl = {https://ui.adsabs.harvard.edu/abs/2014PhRvD..90h4043M},
      adsnote = {Provided by the SAO/NASA Astrophysics Data System}
}

@book{MGbook,
author = {Hackbusch, Wolfgang},
year = {1985},
month = {01},
pages = {},
title = {Multi-Grid Methods and Applications},
volume = {4},
isbn = {3-540-12761-5},
journal = {Wolfgang Hackbusch: Multigrid Methods and Applications},
doi = {10.1007/978-3-662-02427-0}
}

@book{briggs2000multigrid,
  title={A multigrid tutorial},
  author={Briggs, William L and McCormick, Steve F and others},
  volume={72},
  year={2000},
  publisher={Siam}
}

@book{trottenberg2001multigrid,
  title={Multigrid},
  author={Trottenberg, U. and Ulrich Trottenberg, C.W.O.A.S. and Oosterlee, C.W. and Schuller, A. and Brandt, A. and Oswald, P. and St{\"u}ben, K.},
  isbn={9780127010700},
  lccn={00103940},
  url={https://books.google.com.hk/books?id=-og1wD-Nx\_wC},
  year={2001},
  publisher={Elsevier Science}
}

@book{press1996numerical,
  title={Numerical recipes in Fortran 90},
  author={Press, William H and Teukolsky, Saul A and Vetterling, William T and Flannery, Brian P},
  volume={2},
  year={1996},
  publisher={Cambridge university press Cambridge}
}

@ARTICLE{2019MNRAS.484.3307M,
       author = {{M{\"u}ller}, Bernhard and {Tauris}, Thomas M. and {Heger}, Alexander and
         {Banerjee}, Projjwal and {Qian}, Yong-Zhong and {Powell}, Jade and
         {Chan}, Conrad and {Gay}, Daniel W. and {Langer}, Norbert},
        title = "{Three-dimensional simulations of neutrino-driven core-collapse supernovae from low-mass single and binary star progenitors}",
      journal = {Mon. Not. Roy. Astron. Soc.},
     keywords = {stars: massive, stars: neutron, supernovae: general, Astrophysics - Solar and Stellar Astrophysics, Astrophysics - High Energy Astrophysical Phenomena},
         year = "2019",
        month = "Apr",
       volume = {484},
       number = {3},
        pages = {3307-3324},
          doi = {10.1093/mnras/stz216},
archivePrefix = {arXiv},
       eprint = {1811.05483},
 primaryClass = {astro-ph.SR},
       adsurl = {https://ui.adsabs.harvard.edu/abs/2019MNRAS.484.3307M},
      adsnote = {Provided by the SAO/NASA Astrophysics Data System}
}

@ARTICLE{2012PhRvD..85d4023C,
       author = {{Cordero-Carri{\'o}n}, Isabel and {Cerd{\'a}-Dur{\'a}n}, Pablo and
         {Ib{\'a}{\~n}ez}, Jos{\'e} Mar{\'\i}a},
        title = "{Gravitational waves in dynamical spacetimes with matter content in the fully constrained formulation}",
      journal = {Phys. Rev. D},
     keywords = {04.25.D-, 04.30.Db, 04.40.Dg, Numerical relativity, Wave generation and sources, Relativistic stars: structure stability and oscillations, General Relativity and Quantum Cosmology, Astrophysics - Solar and Stellar Astrophysics},
         year = "2012",
        month = "Feb",
       volume = {85},
       number = {4},
          eid = {044023},
        pages = {044023},
          doi = {10.1103/PhysRevD.85.044023},
archivePrefix = {arXiv},
       eprint = {1108.0571},
 primaryClass = {gr-qc},
       adsurl = {https://ui.adsabs.harvard.edu/abs/2012PhRvD..85d4023C},
      adsnote = {Provided by the SAO/NASA Astrophysics Data System}
}

@ARTICLE{2007gr.qc.....3035G,
       author = {{Gourgoulhon}, Eric},
        title = "{3+1 Formalism and Bases of Numerical Relativity}",
      journal = {arXiv e-prints},
     keywords = {General Relativity and Quantum Cosmology, Astrophysics, Mathematics - Differential Geometry},
         year = "2007",
        month = "Mar",
          eid = {gr-qc/0703035},
        pages = {gr-qc/0703035},
archivePrefix = {arXiv},
       eprint = {gr-qc/0703035},
 primaryClass = {gr-qc},
       adsurl = {https://ui.adsabs.harvard.edu/abs/2007gr.qc.....3035G},
      adsnote = {Provided by the SAO/NASA Astrophysics Data System}
}

@BOOK{2008itnr.book.....A,
   author = {{Alcubierre}, M.},
    title = "{Introduction to 3+1 Numerical Relativity}",
booktitle = {Introduction to 3+1 Numerical Relativity, by Miguel Alcubierre.~ISBN 978-0-19-920567-7 (HB).~Published by Oxford University Press, Oxford, UK, 2008.},
     year = 2008,
publisher = {Oxford University Press},
   adsurl = {https://ui.adsabs.harvard.edu/abs/2008itnr.book.....A},
  adsnote = {Provided by the SAO/NASA Astrophysics Data System}
}

@Article{Mohr2004,
author="Mohr, Marcus
and Wienands, Roman",
title="Cell-centred multigrid revisited",
journal="Computing and Visualization in Science",
year="2004",
month="Oct",
day="01",
volume="7",
number="3",
pages="129--140",
abstract="In this paper we treat the cell-centred multigrid approach, which distinguishes itself from the classical vertex-centred multigrid by a non-nested hierarchy of grid nodes and the use of constant, problem-independent transfer operators even in complicated situations. We demonstrate, that the tool of Local Fourier Analysis can also be profitably applied in this setting. We consider in detail the standard transfer operators from literature and their respective polynomial and Fourier orders, paying special attention to the combination of piecewise constant interpolation and its adjoint. Furthermore, we give several numerical examples for model problems and an application from biomedical engineering. ",
issn="1433-0369",
doi="10.1007/s00791-004-0137-0",
url="https://doi.org/10.1007/s00791-004-0137-0"
}

@ARTICLE{2004PhRvD..70j4007B,
       author = {{Bonazzola}, Silvano and {Gourgoulhon}, Eric and {Grand
        cl{\'e}ment}, Philippe and {Novak}, J{\'e}r{\^o}me},
        title = "{Constrained scheme for the Einstein equations based on the Dirac gauge and spherical coordinates}",
      journal = {Phys. Rev. D},
     keywords = {04.25.Dm, 04.20.Cv, 04.20.Ex, 04.30.Db, Numerical relativity, Fundamental problems and general formalism, Initial value problem existence and uniqueness of solutions, Wave generation and sources, General Relativity and Quantum Cosmology},
         year = "2004",
        month = "Nov",
       volume = {70},
       number = {10},
          eid = {104007},
        pages = {104007},
          doi = {10.1103/PhysRevD.70.104007},
archivePrefix = {arXiv},
       eprint = {gr-qc/0307082},
 primaryClass = {gr-qc},
       adsurl = {https://ui.adsabs.harvard.edu/abs/2004PhRvD..70j4007B},
      adsnote = {Provided by the SAO/NASA Astrophysics Data System}
}

@book{wilson_mathews_2003, place={Cambridge}, series={Cambridge Monographs on Mathematical Physics}, title={Relativistic Numerical Hydrodynamics}, DOI={10.1017/CBO9780511615917}, publisher={Cambridge University Press}, author={Wilson, James R. and Mathews, Grant J.}, year={2003}, collection={Cambridge Monographs on Mathematical Physics}}

@ARTICLE{1995PhRvD..52.5428S,
       author = {{Shibata}, Masaru and {Nakamura}, Takashi},
        title = "{Evolution of three-dimensional gravitational waves: Harmonic slicing case}",
      journal = {Phys. Rev. D},
     keywords = {04.30.Nk, Wave propagation and interactions},
         year = "1995",
        month = "Nov",
       volume = {52},
       number = {10},
        pages = {5428-5444},
          doi = {10.1103/PhysRevD.52.5428},
       adsurl = {https://ui.adsabs.harvard.edu/abs/1995PhRvD..52.5428S},
      adsnote = {Provided by the SAO/NASA Astrophysics Data System}
}

@ARTICLE{1999PhRvD..59b4007B,
       author = {{Baumgarte}, Thomas W. and {Shapiro}, Stuart L.},
        title = "{Numerical integration of Einstein's field equations}",
      journal = {Phys. Rev. D},
     keywords = {04.25.Dm, 02.60.Jh, 04.30.Nk, Numerical relativity, Numerical differentiation and integration, Wave propagation and interactions, General Relativity and Quantum Cosmology, Astrophysics},
         year = "1999",
        month = "Jan",
       volume = {59},
       number = {2},
          eid = {024007},
        pages = {024007},
          doi = {10.1103/PhysRevD.59.024007},
archivePrefix = {arXiv},
       eprint = {gr-qc/9810065},
 primaryClass = {gr-qc},
       adsurl = {https://ui.adsabs.harvard.edu/abs/1999PhRvD..59b4007B},
      adsnote = {Provided by the SAO/NASA Astrophysics Data System}
}

@ARTICLE{2003PhRvD..67j4005B,
       author = {{Bona}, C. and {Ledvinka}, T. and {Palenzuela}, C. and
         {{\v{Z}}{\'a}{\v{c}}ek}, M.},
        title = "{General-covariant evolution formalism for numerical relativity}",
      journal = {Phys. Rev. D},
     keywords = {04.25.Dm, Numerical relativity, General Relativity and Quantum Cosmology},
         year = "2003",
        month = "May",
       volume = {67},
       number = {10},
          eid = {104005},
        pages = {104005},
          doi = {10.1103/PhysRevD.67.104005},
archivePrefix = {arXiv},
       eprint = {gr-qc/0302083},
 primaryClass = {gr-qc},
       adsurl = {https://ui.adsabs.harvard.edu/abs/2003PhRvD..67j4005B},
      adsnote = {Provided by the SAO/NASA Astrophysics Data System}
}

@ARTICLE{2010PhRvD..81h4003B,
       author = {{Bernuzzi}, Sebastiano and {Hilditch}, David},
        title = "{Constraint violation in free evolution schemes: Comparing the BSSNOK formulation with a conformal decomposition of the Z4 formulation}",
      journal = {Phys. Rev. D},
     keywords = {04.25.D-, 04.40.Dg, 95.30.Sf, 97.60.Jd, Numerical relativity, Relativistic stars: structure stability and oscillations, Relativity and gravitation, Neutron stars, General Relativity and Quantum Cosmology},
         year = "2010",
        month = "Apr",
       volume = {81},
       number = {8},
          eid = {084003},
        pages = {084003},
          doi = {10.1103/PhysRevD.81.084003},
archivePrefix = {arXiv},
       eprint = {0912.2920},
 primaryClass = {gr-qc},
       adsurl = {https://ui.adsabs.harvard.edu/abs/2010PhRvD..81h4003B},
      adsnote = {Provided by the SAO/NASA Astrophysics Data System}
}

@ARTICLE{2007CQGra..24S.139O,
       author = {{Ott}, C.~D. and {Dimmelmeier}, H. and {Marek}, A. and {Janka}, H. -T. and
         {Zink}, B. and {Hawke}, I. and {Schnetter}, E.},
        title = "{Rotating collapse of stellar iron cores in general relativity}",
      journal = {Classical and Quantum Gravity},
     keywords = {Astrophysics, General Relativity and Quantum Cosmology},
         year = "2007",
        month = "Jun",
       volume = {24},
       number = {12},
        pages = {S139-S154},
          doi = {10.1088/0264-9381/24/12/S10},
archivePrefix = {arXiv},
       eprint = {astro-ph/0612638},
 primaryClass = {astro-ph},
       adsurl = {https://ui.adsabs.harvard.edu/abs/2007CQGra..24S.139O},
      adsnote = {Provided by the SAO/NASA Astrophysics Data System}
}

@article {MR431719,
    AUTHOR = {Brandt, Achi},
     TITLE = {Multi-level adaptive solutions to boundary-value problems},
   JOURNAL = {Math. Comp.},
  FJOURNAL = {Mathematics of Computation},
    VOLUME = {31},
      YEAR = {1977},
    NUMBER = {138},
     PAGES = {333--390},
      ISSN = {0025-5718},
   MRCLASS = {65N05},
  MRNUMBER = {431719},
MRREVIEWER = {Ian Gladwell},
       DOI = {10.2307/2006422},
       URL = {https://doi.org/10.2307/2006422},
}

@article{BRABAZON20141619,
title = "Nonlinear multigrid methods for second order differential operators with nonlinear diffusion coefficient",
journal = "Computers \& Mathematics with Applications",
volume = "68",
number = "12, Part A",
pages = "1619 - 1634",
year = "2014",
issn = "0898-1221",
doi = "https://doi.org/10.1016/j.camwa.2014.11.002",
url = "http://www.sciencedirect.com/science/article/pii/S0898122114005306",
author = "K.J. Brabazon and M.E. Hubbard and P.K. Jimack",
keywords = "Nonlinear multigrid, Newton’s method, Nonlinear diffusion",
abstract = "Nonlinear multigrid methods such as the Full Approximation Scheme (FAS) and Newton-multigrid (Newton-MG) are well established as fast solvers for nonlinear PDEs of elliptic and parabolic type. In this paper we consider Newton-MG and FAS iterations applied to second order differential operators with nonlinear diffusion coefficient. Under mild assumptions arising in practical applications, an approximation (shown to be sharp) of the execution time of the algorithms is derived, which demonstrates that Newton-MG can be expected to be a faster iteration than a standard FAS iteration for a finite element discretisation. Results are provided for elliptic and parabolic problems, demonstrating a faster execution time as well as greater stability of the Newton-MG iteration. Results are explained using current theory for the convergence of multigrid methods, giving a qualitative insight into how the nonlinear multigrid methods can be expected to perform in practice."
}

@book{Press:1992:NRF:141273,
 author = {Press, William H. and Teukolsky, Saul A. and Vetterling, William T. and Flannery, Brian P.},
 title = {Numerical Recipes in FORTRAN (2Nd Ed.): The Art of Scientific Computing},
 year = {1992},
 isbn = {0-521-43064-X},
 publisher = {Cambridge University Press},
 address = {New York, NY, USA},
}

@ARTICLE{1991PhRvD..43.3794M,
       author = {{Mart}, Jos{\'e} Ma. and {Ib{\'a}ez}, Jos{\'e} Ma. and
         {Miralles}, Juan A.},
        title = "{Numerical relativistic hydrodynamics: Local characteristic approach}",
      journal = {Phys. Rev. D},
         year = "1991",
        month = "Jun",
       volume = {43},
       number = {12},
        pages = {3794-3801},
          doi = {10.1103/PhysRevD.43.3794},
       adsurl = {https://ui.adsabs.harvard.edu/abs/1991PhRvD..43.3794M},
      adsnote = {Provided by the SAO/NASA Astrophysics Data System}
}

@BOOK{2013rehy.book.....R,
       author = {{Rezzolla}, Luciano and {Zanotti}, Olindo},
        title = "{Relativistic Hydrodynamics}",
         year = "2013",
       adsurl = {https://ui.adsabs.harvard.edu/abs/2013rehy.book.....R},
      adsnote = {Provided by the SAO/NASA Astrophysics Data System}
}

@ARTICLE{2013ApJ...773...78B,
       author = {{Bauswein}, A. and {Goriely}, S. and {Janka}, H. -T.},
        title = "{Systematics of Dynamical Mass Ejection, Nucleosynthesis, and Radioactively Powered Electromagnetic Signals from Neutron-star Mergers}",
      journal = {Astrophys. J.},
     keywords = {equation of state, hydrodynamics, nuclear reactions, nucleosynthesis, abundances, stars: abundances, stars: neutron, Astrophysics - Solar and Stellar Astrophysics},
         year = "2013",
        month = "Aug",
       volume = {773},
       number = {1},
          eid = {78},
        pages = {78},
          doi = {10.1088/0004-637X/773/1/78},
archivePrefix = {arXiv},
       eprint = {1302.6530},
 primaryClass = {astro-ph.SR},
       adsurl = {https://ui.adsabs.harvard.edu/abs/2013ApJ...773...78B},
      adsnote = {Provided by the SAO/NASA Astrophysics Data System}
}

@ARTICLE{2012PhRvD..86f3001B,
       author = {{Bauswein}, A. and {Janka}, H. -T. and {Hebeler}, K. and {Schwenk}, A.},
        title = "{Equation-of-state dependence of the gravitational-wave signal from the ring-down phase of neutron-star mergers}",
      journal = {Phys. Rev. D},
     keywords = {97.60.Jd, 04.30.Db, 26.60.Kp, 95.85.Sz, Neutron stars, Wave generation and sources, Equations of state of neutron-star matter, Gravitational radiation magnetic fields and other observations, Astrophysics - Solar and Stellar Astrophysics, General Relativity and Quantum Cosmology, Nuclear Theory},
         year = "2012",
        month = "Sep",
       volume = {86},
       number = {6},
          eid = {063001},
        pages = {063001},
          doi = {10.1103/PhysRevD.86.063001},
archivePrefix = {arXiv},
       eprint = {1204.1888},
 primaryClass = {astro-ph.SR},
       adsurl = {https://ui.adsabs.harvard.edu/abs/2012PhRvD..86f3001B},
      adsnote = {Provided by the SAO/NASA Astrophysics Data System}
}

@ARTICLE{2014PhRvD..90b3002B,
       author = {{Bauswein}, A. and {Stergioulas}, N. and {Janka}, H. -T.},
        title = "{Revealing the high-density equation of state through binary neutron star mergers}",
      journal = {Phys. Rev. D},
     keywords = {26.60.Kp, 97.60.Jd, 04.30.Db, 95.85.Sz, Equations of state of neutron-star matter, Neutron stars, Wave generation and sources, Gravitational radiation magnetic fields and other observations, Astrophysics - Solar and Stellar Astrophysics, General Relativity and Quantum Cosmology, Nuclear Theory},
         year = "2014",
        month = "Jul",
       volume = {90},
       number = {2},
          eid = {023002},
        pages = {023002},
          doi = {10.1103/PhysRevD.90.023002},
archivePrefix = {arXiv},
       eprint = {1403.5301},
 primaryClass = {astro-ph.SR},
       adsurl = {https://ui.adsabs.harvard.edu/abs/2014PhRvD..90b3002B},
      adsnote = {Provided by the SAO/NASA Astrophysics Data System}
}

@ARTICLE{2015MNRAS.453..287M,
       author = {{M{\"u}ller}, B.},
        title = "{The dynamics of neutrino-driven supernova explosions after shock revival in 2D and 3D}",
      journal = {Mon. Not. Roy. Astron. Soc.},
     keywords = {hydrodynamics, instabilities, neutrinos, radiative transfer, supernovae: general, Astrophysics - Solar and Stellar Astrophysics},
         year = "2015",
        month = "Oct",
       volume = {453},
       number = {1},
        pages = {287-310},
          doi = {10.1093/mnras/stv1611},
archivePrefix = {arXiv},
       eprint = {1506.05139},
 primaryClass = {astro-ph.SR},
       adsurl = {https://ui.adsabs.harvard.edu/abs/2015MNRAS.453..287M},
      adsnote = {Provided by the SAO/NASA Astrophysics Data System}
}

@ARTICLE{2006MNRAS.368.1609D,
       author = {{Dimmelmeier}, Harald and {Stergioulas}, Nikolaos and
         {Font}, Jos{\'e} A.},
        title = "{Non-linear axisymmetric pulsations of rotating relativistic stars in the conformal flatness approximation}",
      journal = {Mon. Not. Roy. Astron. Soc.},
     keywords = {hydrodynamics, relativity, methods: numerical, stars: neutron, stars: oscillations, stars: rotation, Astrophysics, General Relativity and Quantum Cosmology},
         year = "2006",
        month = "Jun",
       volume = {368},
       number = {4},
        pages = {1609-1630},
          doi = {10.1111/j.1365-2966.2006.10274.x},
archivePrefix = {arXiv},
       eprint = {astro-ph/0511394},
 primaryClass = {astro-ph},
       adsurl = {https://ui.adsabs.harvard.edu/abs/2006MNRAS.368.1609D},
      adsnote = {Provided by the SAO/NASA Astrophysics Data System}
}

@ARTICLE{2002ApJ...568L..41Y,
       author = {{Yoshida}, Shin'ichirou and {Rezzolla}, Luciano and {Karino}, Shigeyuki and
         {Eriguchi}, Yoshiharu},
        title = "{Frequencies of f-Modes in Differentially Rotating Relativistic Stars and Secular Stability Limits}",
      journal = {Astrophys. J. Lett.},
     keywords = {Stars: Neutron, Stars: Oscillations, Stars: Rotation, General Relativity and Quantum Cosmology, Astrophysics},
         year = "2002",
        month = "Mar",
       volume = {568},
       number = {1},
        pages = {L41-L44},
          doi = {10.1086/340253},
archivePrefix = {arXiv},
       eprint = {gr-qc/0112017},
 primaryClass = {gr-qc},
       adsurl = {https://ui.adsabs.harvard.edu/abs/2002ApJ...568L..41Y},
      adsnote = {Provided by the SAO/NASA Astrophysics Data System}
}

@ARTICLE{2004MNRAS.352.1089S,
       author = {{Stergioulas}, Nikolaos and {Apostolatos}, Theocharis A. and
         {Font}, Jos{\'e} A.},
        title = "{Non-linear pulsations in differentially rotating neutron stars: mass-shedding-induced damping and splitting of the fundamental mode}",
      journal = {Mon. Not. Roy. Astron. Soc.},
     keywords = {hydrodynamics, relativity, methods: numerical, stars: neutron, stars: oscillations, stars: rotation, Astrophysics, General Relativity and Quantum Cosmology},
         year = "2004",
        month = "Aug",
       volume = {352},
       number = {4},
        pages = {1089-1101},
          doi = {10.1111/j.1365-2966.2004.07973.x},
archivePrefix = {arXiv},
       eprint = {astro-ph/0312648},
 primaryClass = {astro-ph},
       adsurl = {https://ui.adsabs.harvard.edu/abs/2004MNRAS.352.1089S},
      adsnote = {Provided by the SAO/NASA Astrophysics Data System}
}



@ARTICLE{2005MNRAS.356..217Y,
       author = {{Yoshida}, Shijun and {Yoshida}, Shin'ichirou and {Eriguchi}, Yoshiharu},
        title = "{R-mode oscillations of rapidly rotating barotropic stars in general relativity: analysis by the relativistic Cowling approximation}",
      journal = {Mon. Not. Roy. Astron. Soc.},
     keywords = {relativity, stars: neutron, stars: oscillations, stars: rotation, Astrophysics, General Relativity and Quantum Cosmology},
         year = "2005",
        month = "Jan",
       volume = {356},
       number = {1},
        pages = {217-224},
          doi = {10.1111/j.1365-2966.2004.08436.x},
archivePrefix = {arXiv},
       eprint = {astro-ph/0406283},
 primaryClass = {astro-ph},
       adsurl = {https://ui.adsabs.harvard.edu/abs/2005MNRAS.356..217Y},
      adsnote = {Provided by the SAO/NASA Astrophysics Data System}
}


@ARTICLE{1996ApL&C..34..245T,
       author = {{T{\'o}th}, G.},
        title = "{A General Code for Modeling MHD Flows on Parallel Computers: Versatile Advection Code}",
      journal = {Astrophysical Letters and Communications},
         year = "1996",
        month = "Jan",
       volume = {34},
        pages = {245},
       adsurl = {https://ui.adsabs.harvard.edu/abs/1996ApL&C..34..245T},
      adsnote = {Provided by the SAO/NASA Astrophysics Data System}
}




@ARTICLE{2014PhRvD..89h4043M,
       author = {{Montero}, Pedro J. and {Baumgarte}, Thomas W. and {M{\"u}ller}, Ewald},
        title = "{General relativistic hydrodynamics in curvilinear coordinates}",
      journal = {\prd},
     keywords = {04.25.D-, 04.25.dg, 04.40.Dg, Numerical relativity, Numerical studies of black holes and black-hole binaries, Relativistic stars: structure stability and oscillations, General Relativity and Quantum Cosmology, Astrophysics - Solar and Stellar Astrophysics},
         year = 2014,
        month = apr,
       volume = {89},
       number = {8},
          eid = {084043},
        pages = {084043},
          doi = {10.1103/PhysRevD.89.084043},
archivePrefix = {arXiv},
       eprint = {1309.7808},
 primaryClass = {gr-qc},
       adsurl = {https://ui.adsabs.harvard.edu/abs/2014PhRvD..89h4043M},
      adsnote = {Provided by the SAO/NASA Astrophysics Data System}
}

@article{Radice_2014,
	doi = {10.1088/0264-9381/31/7/075012},
	url = {https://doi.org/10.1088%2F0264-9381%2F31%2F7%2F075012},
	year = 2014,
	month = mar,
	publisher = {{IOP} Publishing},
	volume = {31},
	number = {7},
	pages = {075012},
	author = {David Radice and Luciano Rezzolla and Filippo Galeazzi},
	title = {High-order fully general-relativistic hydrodynamics: new approaches and tests},
	journal = {Classical and Quantum Gravity},
	abstract = {We present a new approach for achieving high-order convergence in fully general-relativistic hydrodynamic simulations. The approach is implemented in WhiskyTHC, a new code that makes use of state-of-the-art numerical schemes and was key in achieving, for the first time, higher than second-order convergence in the calculation of the gravitational radiation from inspiraling binary neutron stars (Radice et al 2014 Mon. Not. R. Astron. Soc. 437 L46–L50). Here, we give a detailed description of the algorithms employed and present results obtained for a series of classical tests involving isolated neutron stars. In addition, using the gravitational-wave emission from the late-inspiral and merger of binary neutron stars, we make a detailed comparison between the results obtained with the new code and those obtained when using standard second-order schemes commonly employed for matter simulations in numerical relativity. We find that even at moderate resolutions and for binaries with large compactness, the phase accuracy is improved by a factor 50 or more.}
}

@article{HU2013169,
title = "Positivity-preserving method for high-order conservative schemes solving compressible Euler equations",
journal = "Journal of Computational Physics",
volume = "242",
pages = "169 - 180",
year = "2013",
issn = "0021-9991",
doi = "https://doi.org/10.1016/j.jcp.2013.01.024",
url = "http://www.sciencedirect.com/science/article/pii/S21999113000558",
author = "Xiangyu Y. Hu and Nikolaus A. Adams and Chi-Wang Shu",
keywords = "Numerical method, Compressible flow, High-order conservative scheme, Positivity-preserving",
abstract = "In this work a simple method to enforce the positivity-preserving property for general high-order conservative schemes is proposed for solving compressible Euler equations. The method detects critical numerical fluxes which may lead to negative density and pressure, and for such critical fluxes imposes a simple flux limiter by combining the high-order numerical flux with the first-order Lax–Friedrichs flux to satisfy a sufficient condition for preserving positivity. Though an extra time-step size condition is required to maintain the formal order of accuracy, it is less restrictive than those in previous works. A number of numerical examples suggest that this method, when applied on an essentially non-oscillatory scheme, can be used to prevent positivity failure when the flow involves vacuum or near vacuum and very strong discontinuities."
}

@book{rezzolla2013relativistic,
  title={Relativistic Hydrodynamics},
  author={Rezzolla, L. and Zanotti, O.},
  isbn={9780198528906},
  lccn={2013936269},
  series={EBSCO ebook academic collection},
  url={https://books.google.es/books?id=KU2oAAAAQBAJ},
  year={2013},
  publisher={OUP Oxford},
  adsurl = {https://ui.adsabs.harvard.edu/abs/2013rehy.book.....R},
  adsnote = {Provided by the SAO/NASA Astrophysics Data System}
}

@ARTICLE{XCFC,
       author = {{Cordero-Carri{\'o}n}, Isabel and {Cerd{\'a}-Dur{\'a}n}, Pablo and
         {Dimmelmeier}, Harald and {Jaramillo}, Jos{\'e} Luis and
         {Novak}, J{\'e}r{\^o}me and {Gourgoulhon}, Eric},
        title = "{Improved constrained scheme for the Einstein equations: An approach to the uniqueness issue}",
      journal = {Phys. Rev. D},
     keywords = {04.20.Ex, 04.25.D-, 04.25.Nx, 97.60.-s, Initial value problem existence and uniqueness of solutions, Numerical relativity, Post-Newtonian approximation, perturbation theory, related approximations, Late stages of stellar evolution, General Relativity and Quantum Cosmology},
         year = "2009",
        month = "Jan",
       volume = {79},
       number = {2},
          eid = {024017},
        pages = {024017},
          doi = {10.1103/PhysRevD.79.024017},
archivePrefix = {arXiv},
       eprint = {0809.2325},
 primaryClass = {gr-qc},
       adsurl = {https://ui.adsabs.harvard.edu/abs/2009PhRvD..79b4017C},
      adsnote = {Provided by the SAO/NASA Astrophysics Data System}
}

@ARTICLE{2011A&A...528A.101B,
       author = {{Bucciantini}, N. and {Del Zanna}, L.},
        title = "{General relativistic magnetohydrodynamics in axisymmetric dynamical spacetimes: the X-ECHO code}",
      journal = {\aap},
     keywords = {gravitation, relativistic processes, magnetohydrodynamics (MHD), gamma-ray burst: general, methods: numerical, Astrophysics - Instrumentation and Methods for Astrophysics},
         year = 2011,
        month = apr,
       volume = {528},
          eid = {A101},
        pages = {A101},
          doi = {10.1051/0004-6361/201015945},
archivePrefix = {arXiv},
       eprint = {1010.3532},
 primaryClass = {astro-ph.IM},
       adsurl = {https://ui.adsabs.harvard.edu/abs/2011A&A...528A.101B},
      adsnote = {Provided by the SAO/NASA Astrophysics Data System}
}


@ARTICLE{2017ComAC...4....1P,
       author = {{Porth}, Oliver and {Olivares}, Hector and {Mizuno}, Yosuke and
         {Younsi}, Ziri and {Rezzolla}, Luciano and {Moscibrodzka}, Monika and
         {Falcke}, Heino and {Kramer}, Michael},
        title = "{The black hole accretion code}",
      journal = {Computational Astrophysics and Cosmology},
     keywords = {General Relativity and Quantum Cosmology, Astrophysics - High Energy Astrophysical Phenomena},
         year = 2017,
        month = may,
       volume = {4},
       number = {1},
          eid = {1},
        pages = {1},
          doi = {10.1186/s40668-017-0020-2},
archivePrefix = {arXiv},
       eprint = {1611.09720},
 primaryClass = {gr-qc},
       adsurl = {https://ui.adsabs.harvard.edu/abs/2017ComAC...4....1P},
      adsnote = {Provided by the SAO/NASA Astrophysics Data System}
}

@ARTICLE{2020PhRvD.101j4007M,
       author = {{Mewes}, Vassilios and {Zlochower}, Yosef and {Campanelli}, Manuela and
         {Baumgarte}, Thomas W. and {Etienne}, Zachariah B. and
         {Armengol}, Federico G. Lopez and {Cipolletta}, Federico},
        title = "{Numerical relativity in spherical coordinates: A new dynamical spacetime and general relativistic MHD evolution framework for the Einstein Toolkit}",
      journal = {\prd},
     keywords = {General Relativity and Quantum Cosmology, Astrophysics - High Energy Astrophysical Phenomena, Physics - Computational Physics},
         year = 2020,
        month = may,
       volume = {101},
       number = {10},
          eid = {104007},
        pages = {104007},
          doi = {10.1103/PhysRevD.101.104007},
archivePrefix = {arXiv},
       eprint = {2002.06225},
 primaryClass = {gr-qc},
       adsurl = {https://ui.adsabs.harvard.edu/abs/2020PhRvD.101j4007M},
      adsnote = {Provided by the SAO/NASA Astrophysics Data System}
}

@ARTICLE{2020arXiv200501821K,
       author = {{Kastaun}, Wolfgang and {Vijay Kalinani}, Jay and {Ciolfi}, Riccardo},
        title = "{Robust Recovery of Primitive Variables in Relativistic Ideal Magnetohydrodynamics}",
      journal = {arXiv e-prints},
     keywords = {General Relativity and Quantum Cosmology},
         year = 2020,
        month = may,
          eid = {arXiv:2005.01821},
        pages = {arXiv:2005.01821},
archivePrefix = {arXiv},
       eprint = {2005.01821},
 primaryClass = {gr-qc},
       adsurl = {https://ui.adsabs.harvard.edu/abs/2020arXiv200501821K},
      adsnote = {Provided by the SAO/NASA Astrophysics Data System}
}

@ARTICLE{1997ApJ...479..151M,
       author = {{Mart{\'i}}, J.~M. and {M{\"u}ller}, E. and {Font}, J.~A. and
         {Ib{\'a}{\~n}ez}, J.~M.~Z. and {Marquina}, A.},
        title = "{Morphology and Dynamics of Relativistic Jets}",
      journal = {\apj},
     keywords = {Galaxies: Jets, Hydrodynamics, Methods: Numerical, Relativity},
         year = 1997,
        month = apr,
       volume = {479},
       number = {1},
        pages = {151-163},
          doi = {10.1086/303842},
       adsurl = {https://ui.adsabs.harvard.edu/abs/1997ApJ...479..151M},
      adsnote = {Provided by the SAO/NASA Astrophysics Data System}
}

@ARTICLE{XNS1,
       author = {{Pili}, A.~G. and {Bucciantini}, N. and {Del Zanna}, L.},
        title = "{Axisymmetric equilibrium models for magnetized neutron stars in General Relativity under the Conformally Flat Condition}",
      journal = {Mon. Not. Roy. Astron. Soc.},
     keywords = {gravitation, magnetic fields, MHD, stars: magnetars, stars: neutron, Astrophysics - High Energy Astrophysical Phenomena},
         year = "2014",
        month = "Apr",
       volume = {439},
       number = {4},
        pages = {3541-3563},
          doi = {10.1093/mnras/stu215},
archivePrefix = {arXiv},
       eprint = {1401.4308},
 primaryClass = {astro-ph.HE},
       adsurl = {https://ui.adsabs.harvard.edu/abs/2014MNRAS.439.3541P},
      adsnote = {Provided by the SAO/NASA Astrophysics Data System}
}

@ARTICLE{XNS2,
   author = {{Pili}, A.~G. and {Bucciantini}, N. and {Del Zanna}, L.},
    title = "{General relativistic neutron stars with twisted magnetosphere}",
  journal = {Mon. Not. Roy. Astron. Soc.},
archivePrefix = "arXiv",
   eprint = {1412.4036},
 primaryClass = "astro-ph.HE",
 keywords = {gravitation, MHD, stars: magnetars, stars: magnetic field, stars: neutron},
     year = 2015,
    month = mar,
   volume = 447,
    pages = {2821-2835},
      doi = {10.1093/mnras/stu2628},
   adsurl = {https://ui.adsabs.harvard.edu/abs/2015MNRAS.447.2821P},
  adsnote = {Provided by the SAO/NASA Astrophysics Data System}
}
@ARTICLE{XNS3,
       author = {{Pili}, A.~G. and {Bucciantini}, N. and {Del Zanna}, L.},
        title = "{General relativistic models for rotating magnetized neutron stars in conformally flat space-time}",
      journal = {Mon. Not. Roy. Astron. Soc.},
     keywords = {gravitation, magnetic field, MHD, stars: magnetars, stars: neutron, Astrophysics - High Energy Astrophysical Phenomena, General Relativity and Quantum Cosmology},
         year = "2017",
        month = "Sep",
       volume = {470},
       number = {2},
        pages = {2469-2493},
          doi = {10.1093/mnras/stx1176},
archivePrefix = {arXiv},
       eprint = {1705.03795},
 primaryClass = {astro-ph.HE},
       adsurl = {https://ui.adsabs.harvard.edu/abs/2017MNRAS.470.2469P},
      adsnote = {Provided by the SAO/NASA Astrophysics Data System}
}

@ARTICLE{2020CQGra..37n5015C,
       author = {{Cheong}, Patrick Chi-Kit and {Lin}, Lap-Ming and
         {Li}, Tjonnie Guang Feng},
        title = "{Gmunu: toward multigrid based Einstein field equations solver for general-relativistic hydrodynamics simulations}",
      journal = {Classical and Quantum Gravity},
     keywords = {numerical relativity, general-relativistic hydrodynamics, multigrid, conformally flat condition, General Relativity and Quantum Cosmology, Astrophysics - High Energy Astrophysical Phenomena},
         year = 2020,
        month = jul,
       volume = {37},
       number = {14},
          eid = {145015},
        pages = {145015},
          doi = {10.1088/1361-6382/ab8e9c},
archivePrefix = {arXiv},
       eprint = {2001.05723},
 primaryClass = {gr-qc},
       adsurl = {https://ui.adsabs.harvard.edu/abs/2020CQGra..37n5015C},
      adsnote = {Provided by the SAO/NASA Astrophysics Data System}
}

@ARTICLE{2001ApJS..132...83B,
       author = {{Balsara}, Dinshaw},
        title = "{Total Variation Diminishing Scheme for Relativistic
Magnetohydrodynamics}",
      journal = {\apjs},
     keywords = {Hydrodynamics, Magnetohydrodynamics: MHD, Relativity},
         year = 2001,
        month = jan,
       volume = {132},
       number = {1},
        pages = {83-101},
          doi = {10.1086/318941},
       adsurl = {https://ui.adsabs.harvard.edu/abs/2001ApJS..132...83B},
      adsnote = {Provided by the SAO/NASA Astrophysics Data System}
}         

@ARTICLE{1999MNRAS.303..343K,
       author = {{Komissarov}, S.~S.},
        title = "{A Godunov-type scheme for relativistic magnetohydrodynamics}",
      journal = {\mnras},
     keywords = {MHD, RELATIVITY, SHOCK WAVES, METHODS: NUMERICAL},
         year = 1999,
        month = feb,
       volume = {303},
       number = {2},
        pages = {343-366},
          doi = {10.1046/j.1365-8711.1999.02244.x},
       adsurl = {https://ui.adsabs.harvard.edu/abs/1999MNRAS.303..343K},
      adsnote = {Provided by the SAO/NASA Astrophysics Data System}
}

@ARTICLE{2019CoPhC.24506866T,
       author = {{Teunissen}, J. and {Keppens}, R.},
        title = "{A geometric multigrid library for quadtree/octree AMR grids coupled to MPI-AMRVAC}",
      journal = {Computer Physics Communications},
     keywords = {Multigrid, Elliptic solver, Octree, Adaptive mesh refinement, Divergence cleaning, Physics - Computational Physics},
         year = 2019,
        month = dec,
       volume = {245},
          eid = {106866},
        pages = {106866},
          doi = {10.1016/j.cpc.2019.106866},
archivePrefix = {arXiv},
       eprint = {1901.11370},
 primaryClass = {physics.comp-ph},
       adsurl = {https://ui.adsabs.harvard.edu/abs/2019CoPhC.24506866T},
      adsnote = {Provided by the SAO/NASA Astrophysics Data System}
}

@ARTICLE{2020arXiv200403275K,
       author = {{Keppens}, Rony and {Teunissen}, Jannis and {Xia}, Chun and
         {Porth}, Oliver},
        title = "{MPI-AMRVAC: a parallel, grid-adaptive PDE toolkit}",
      journal = {arXiv e-prints},
     keywords = {Astrophysics - Instrumentation and Methods for Astrophysics, Physics - Computational Physics},
         year = 2020,
        month = apr,
          eid = {arXiv:2004.03275},
        pages = {arXiv:2004.03275},
archivePrefix = {arXiv},
       eprint = {2004.03275},
 primaryClass = {astro-ph.IM},
       adsurl = {https://ui.adsabs.harvard.edu/abs/2020arXiv200403275K},
      adsnote = {Provided by the SAO/NASA Astrophysics Data System}
}

@ARTICLE{2018ApJS..234...30X,
       author = {{Xia}, C. and {Teunissen}, J. and {El Mellah}, I. and {Chan{\'e}}, E. and
         {Keppens}, R.},
        title = "{MPI-AMRVAC 2.0 for Solar and Astrophysical Applications}",
      journal = {\apjs},
     keywords = {hydrodynamics, magnetohydrodynamics: MHD, methods: numerical, Astrophysics - Solar and Stellar Astrophysics},
         year = 2018,
        month = feb,
       volume = {234},
       number = {2},
          eid = {30},
        pages = {30},
          doi = {10.3847/1538-4365/aaa6c8},
archivePrefix = {arXiv},
       eprint = {1710.06140},
 primaryClass = {astro-ph.SR},
       adsurl = {https://ui.adsabs.harvard.edu/abs/2018ApJS..234...30X},
      adsnote = {Provided by the SAO/NASA Astrophysics Data System}
}

@book{DBLP:books/daglib/0002128,
  author    = {William L. Briggs and
               Van Emden Henson and
               Stephen F. McCormick},
  title     = {A multigrid tutorial, Second Edition},
  publisher = {{SIAM}},
  year      = {2000},
  isbn      = {978-0-89871-462-3},
  timestamp = {Fri, 12 Jul 2019 14:39:18 +0200},
  biburl    = {https://dblp.org/rec/books/daglib/0002128.bib},
  bibsource = {dblp computer science bibliography, https://dblp.org}
}

@Article{SRHD,
author="Mart{\'i}, Jos{\'e} Maria and M{\"u}ller, Ewald",
title="Numerical Hydrodynamics in Special Relativity",
journal="Living Reviews in Relativity",
year="2003",
month="Dec",
day="19",
volume="6",
number="1",
pages="7",
abstract="This review is concerned with a discussion of numerical methods for the solution of the equations of special relativistic hydrodynamics (SRHD). Particular emphasis is put on a comprehensive review of the application of high-resolution shock-capturing methods in SRHD. Results of a set of demanding test bench simulations obtained with different numerical SRHD methods are compared. Three applications (astrophysical jets, gamma-ray bursts and heavy ion collisions) of relativistic flows are discussed. An evaluation of various SRHD methods is presented, and future developments in SRHD are analyzed involving extension to general relativistic hydrodynamics and relativistic magneto-hydrodynamics. The review further provides FORTRAN programs to compute the exact solution of a 1D relativistic Riemann problem with zero and nonzero tangential velocities, and to simulate 1D relativistic flows in Cartesian Eulerian coordinates using the exact SRHD Riemann solver and PPM reconstruction.",
issn="1433-8351",
doi="10.12942/lrr-2003-7",
url="https://doi.org/10.12942/lrr-2003-7"
}

@ARTICLE{2012JCoPh.231..718K,
       author = {{Keppens}, R. and {Meliani}, Z. and {van Marle}, A.~J. and
         {Delmont}, P. and {Vlasis}, A. and {van der Holst}, B.},
        title = "{Parallel, grid-adaptive approaches for relativistic hydro and magnetohydrodynamics}",
      journal = {Journal of Computational Physics},
         year = 2012,
        month = feb,
       volume = {231},
       number = {3},
        pages = {718-744},
          doi = {10.1016/j.jcp.2011.01.020},
       adsurl = {https://ui.adsabs.harvard.edu/abs/2012JCoPh.231..718K},
      adsnote = {Provided by the SAO/NASA Astrophysics Data System}
}

@BOOK{1990rfmf.book.....A,
       author = {{Anile}, A.~M.},
        title = "{Relativistic Fluids and Magneto-fluids}",
         year = 1990,
       adsurl = {https://ui.adsabs.harvard.edu/abs/1990rfmf.book.....A},
      adsnote = {Provided by the SAO/NASA Astrophysics Data System}
}

@ARTICLE{2003ApJ...589..444G,
       author = {{Gammie}, Charles F. and {McKinney}, Jonathan C. and
         {T{\'o}th}, G{\'a}bor},
        title = "{HARM: A Numerical Scheme for General Relativistic Magnetohydrodynamics}",
      journal = {\apj},
     keywords = {Accretion, Accretion Disks, Black Hole Physics, Methods: Numerical, Magnetohydrodynamics: MHD, Astrophysics},
         year = 2003,
        month = may,
       volume = {589},
       number = {1},
        pages = {444-457},
          doi = {10.1086/374594},
archivePrefix = {arXiv},
       eprint = {astro-ph/0301509},
 primaryClass = {astro-ph},
       adsurl = {https://ui.adsabs.harvard.edu/abs/2003ApJ...589..444G},
      adsnote = {Provided by the SAO/NASA Astrophysics Data System}
}

@ARTICLE{2002A&A...390.1177D,
       author = {{Del Zanna}, L. and {Bucciantini}, N.},
        title = "{An efficient shock-capturing central-type scheme for multidimensional relativistic flows. I. Hydrodynamics}",
      journal = {\aap},
     keywords = {hydrodynamics, relativity, shock waves, methods: numerical, Astrophysics},
         year = 2002,
        month = aug,
       volume = {390},
        pages = {1177-1186},
          doi = {10.1051/0004-6361:20020776},
archivePrefix = {arXiv},
       eprint = {astro-ph/0205290},
 primaryClass = {astro-ph},
       adsurl = {https://ui.adsabs.harvard.edu/abs/2002A&A...390.1177D},
      adsnote = {Provided by the SAO/NASA Astrophysics Data System}
}

@ARTICLE{2005ApJS..160..199M,
       author = {{Mignone}, A. and {Plewa}, T. and {Bodo}, G.},
        title = "{The Piecewise Parabolic Method for Multidimensional Relativistic Fluid Dynamics}",
      journal = {\apjs},
     keywords = {Hydrodynamics, Methods: Numerical, Relativity, Shock Waves, Astrophysics},
         year = 2005,
        month = sep,
       volume = {160},
       number = {1},
        pages = {199-219},
          doi = {10.1086/430905},
archivePrefix = {arXiv},
       eprint = {astro-ph/0505200},
 primaryClass = {astro-ph},
       adsurl = {https://ui.adsabs.harvard.edu/abs/2005ApJS..160..199M},
      adsnote = {Provided by the SAO/NASA Astrophysics Data System}
}

@ARTICLE{2014CQGra..31a5005M,
       author = {{M{\"o}sta}, Philipp and {Mundim}, Bruno C. and {Faber}, Joshua A. and
         {Haas}, Roland and {Noble}, Scott C. and {Bode}, Tanja and
         {L{\"o}ffler}, Frank and {Ott}, Christian D. and {Reisswig}, Christian and
         {Schnetter}, Erik},
        title = "{GRHydro: a new open-source general-relativistic magnetohydrodynamics code for the Einstein toolkit}",
      journal = {Classical and Quantum Gravity},
     keywords = {General Relativity and Quantum Cosmology},
         year = 2014,
        month = jan,
       volume = {31},
       number = {1},
          eid = {015005},
        pages = {015005},
          doi = {10.1088/0264-9381/31/1/015005},
archivePrefix = {arXiv},
       eprint = {1304.5544},
 primaryClass = {gr-qc},
       adsurl = {https://ui.adsabs.harvard.edu/abs/2014CQGra..31a5005M},
      adsnote = {Provided by the SAO/NASA Astrophysics Data System}
}


@ARTICLE{2015CQGra..32q5009E,
       author = {{Etienne}, Zachariah B. and {Paschalidis}, Vasileios and {Haas}, Roland and {M{\"o}sta}, Philipp and {Shapiro}, Stuart L.},
        title = "{IllinoisGRMHD: an open-source, user-friendly GRMHD code for dynamical spacetimes}",
      journal = {Classical and Quantum Gravity},
     keywords = {Astrophysics - High Energy Astrophysical Phenomena, General Relativity and Quantum Cosmology},
         year = 2015,
        month = sep,
       volume = {32},
       number = {17},
          eid = {175009},
        pages = {175009},
          doi = {10.1088/0264-9381/32/17/175009},
archivePrefix = {arXiv},
       eprint = {1501.07276},
 primaryClass = {astro-ph.HE},
       adsurl = {https://ui.adsabs.harvard.edu/abs/2015CQGra..32q5009E},
      adsnote = {Provided by the SAO/NASA Astrophysics Data System}
}

@ARTICLE{2019arXiv191210192L,
       author = {{Liska}, Matthew and {Chatterjee}, Koushik and {Tchekhovskoy}, Alexander and {Yoon}, Doosoo and {van Eijnatten}, David and {Hesp}, Casper and {Markoff}, Sera and {Ingram}, Adam and {van der Klis}, Michiel},
        title = "{H-AMR: A New GPU-accelerated GRMHD Code for Exascale Computing With 3D Adaptive Mesh Refinement and Local Adaptive Time-stepping}",
      journal = {arXiv e-prints},
     keywords = {Astrophysics - High Energy Astrophysical Phenomena, Astrophysics - Astrophysics of Galaxies, Astrophysics - Solar and Stellar Astrophysics},
         year = 2019,
        month = dec,
          eid = {arXiv:1912.10192},
        pages = {arXiv:1912.10192},
archivePrefix = {arXiv},
       eprint = {1912.10192},
 primaryClass = {astro-ph.HE},
       adsurl = {https://ui.adsabs.harvard.edu/abs/2019arXiv191210192L},
      adsnote = {Provided by the SAO/NASA Astrophysics Data System}
}

@ARTICLE{2020CQGra..37m5010C,
       author = {{Cipolletta}, F. and {Kalinani}, J.~V. and {Giacomazzo}, B. and {Ciolfi}, R.},
        title = "{Spritz: a new fully general-relativistic magnetohydrodynamic code}",
      journal = {Classical and Quantum Gravity},
     keywords = {numerical relativity, magnetohydrodynamics, neutron stars, Astrophysics - High Energy Astrophysical Phenomena, General Relativity and Quantum Cosmology},
         year = 2020,
        month = jul,
       volume = {37},
       number = {13},
          eid = {135010},
        pages = {135010},
          doi = {10.1088/1361-6382/ab8be8},
archivePrefix = {arXiv},
       eprint = {1912.04794},
 primaryClass = {astro-ph.HE},
       adsurl = {https://ui.adsabs.harvard.edu/abs/2020CQGra..37m5010C},
      adsnote = {Provided by the SAO/NASA Astrophysics Data System}
}

@ARTICLE{2019ApJS..244...10R,
       author = {{Ripperda}, B. and {Bacchini}, F. and {Porth}, O. and {Most}, E.~R. and {Olivares}, H. and {Nathanail}, A. and {Rezzolla}, L. and {Teunissen}, J. and {Keppens}, R.},
        title = "{General-relativistic Resistive Magnetohydrodynamics with Robust Primitive-variable Recovery for Accretion Disk Simulations}",
      journal = {\apjs},
     keywords = {Black hole physics, accretion, magnetohydrodynamics, general relativity, computational methods, plasma astrophysics, 159, 14, 1964, 641, 1965, 1261, Physics - Computational Physics, Astrophysics - High Energy Astrophysical Phenomena, Astrophysics - Instrumentation and Methods for Astrophysics, General Relativity and Quantum Cosmology, Physics - Plasma Physics},
         year = 2019,
        month = sep,
       volume = {244},
       number = {1},
          eid = {10},
        pages = {10},
          doi = {10.3847/1538-4365/ab3922},
archivePrefix = {arXiv},
       eprint = {1907.07197},
 primaryClass = {physics.comp-ph},
       adsurl = {https://ui.adsabs.harvard.edu/abs/2019ApJS..244...10R},
      adsnote = {Provided by the SAO/NASA Astrophysics Data System}
}

@ARTICLE{2019A&A...629A..61O,
       author = {{Olivares}, Hector and {Porth}, Oliver and {Davelaar}, Jordy and {Most}, Elias R. and {Fromm}, Christian M. and {Mizuno}, Yosuke and {Younsi}, Ziri and {Rezzolla}, Luciano},
        title = "{Constrained transport and adaptive mesh refinement in the Black Hole Accretion Code}",
      journal = {\aap},
     keywords = {magnetohydrodynamics (MHD), relativistic processes, methods: numerical, accretion, accretion disks, black hole physics, Astrophysics - High Energy Astrophysical Phenomena, General Relativity and Quantum Cosmology},
         year = 2019,
        month = sep,
       volume = {629},
          eid = {A61},
        pages = {A61},
          doi = {10.1051/0004-6361/201935559},
archivePrefix = {arXiv},
       eprint = {1906.10795},
 primaryClass = {astro-ph.HE},
       adsurl = {https://ui.adsabs.harvard.edu/abs/2019A&A...629A..61O},
      adsnote = {Provided by the SAO/NASA Astrophysics Data System}
}

@ARTICLE{2007PhR...442...38J,
       author = {{Janka}, H. -Th. and {Langanke}, K. and {Marek}, A. and {Mart{\'\i}nez-Pinedo}, G. and {M{\"u}ller}, B.},
        title = "{Theory of core-collapse supernovae}",
      journal = {\physrep},
     keywords = {Astrophysics},
         year = 2007,
        month = apr,
       volume = {442},
       number = {1-6},
        pages = {38-74},
          doi = {10.1016/j.physrep.2007.02.002},
archivePrefix = {arXiv},
       eprint = {astro-ph/0612072},
 primaryClass = {astro-ph},
       adsurl = {https://ui.adsabs.harvard.edu/abs/2007PhR...442...38J},
      adsnote = {Provided by the SAO/NASA Astrophysics Data System}
}

@ARTICLE{2013RvMP...85..245B,
       author = {{Burrows}, Adam},
        title = "{Colloquium: Perspectives on core-collapse supernova theory}",
      journal = {Reviews of Modern Physics},
     keywords = {97.60.Bw, 26.30.-k, 25.30.Pt, 26.50.+x, Supernovae, Nucleosynthesis in novae supernovae and other explosive environments, Neutrino scattering, Nuclear physics aspects of novae supernovae and other explosive environments, Astrophysics - Solar and Stellar Astrophysics, High Energy Physics - Phenomenology, Nuclear Theory},
         year = 2013,
        month = jan,
       volume = {85},
       number = {1},
        pages = {245-261},
          doi = {10.1103/RevModPhys.85.245},
archivePrefix = {arXiv},
       eprint = {1210.4921},
 primaryClass = {astro-ph.SR},
       adsurl = {https://ui.adsabs.harvard.edu/abs/2013RvMP...85..245B},
      adsnote = {Provided by the SAO/NASA Astrophysics Data System}
}

@ARTICLE{2011LRR....14....6S,
       author = {{Shibata}, Masaru and {Taniguchi}, Keisuke},
        title = "{Coalescence of Black Hole-Neutron Star Binaries}",
      journal = {Living Reviews in Relativity},
     keywords = {neutron star, gravitational waves, black hole, numerical relativity},
         year = 2011,
        month = aug,
       volume = {14},
       number = {1},
          eid = {6},
        pages = {6},
          doi = {10.12942/lrr-2011-6},
       adsurl = {https://ui.adsabs.harvard.edu/abs/2011LRR....14....6S},
      adsnote = {Provided by the SAO/NASA Astrophysics Data System}
}



@ARTICLE{2012LRR....15....8F,
       author = {{Faber}, Joshua A. and {Rasio}, Frederic A.},
        title = "{Binary Neutron Star Mergers}",
      journal = {Living Reviews in Relativity},
     keywords = {Neutron stars, Numerical relativity, Coalescing binaries, Binary neutron stars, General relativity, General Relativity and Quantum Cosmology, Astrophysics - High Energy Astrophysical Phenomena},
         year = 2012,
        month = jul,
       volume = {15},
       number = {1},
          eid = {8},
        pages = {8},
          doi = {10.12942/lrr-2012-8},
archivePrefix = {arXiv},
       eprint = {1204.3858},
 primaryClass = {gr-qc},
       adsurl = {https://ui.adsabs.harvard.edu/abs/2012LRR....15....8F},
      adsnote = {Provided by the SAO/NASA Astrophysics Data System}
}

@ARTICLE{2017RPPh...80i6901B,
       author = {{Baiotti}, Luca and {Rezzolla}, Luciano},
        title = "{Binary neutron star mergers: a review of Einstein{\textquoteright}s richest laboratory}",
      journal = {Reports on Progress in Physics},
     keywords = {General Relativity and Quantum Cosmology, Astrophysics - High Energy Astrophysical Phenomena, Astrophysics - Solar and Stellar Astrophysics},
         year = 2017,
        month = sep,
       volume = {80},
       number = {9},
          eid = {096901},
        pages = {096901},
          doi = {10.1088/1361-6633/aa67bb},
archivePrefix = {arXiv},
       eprint = {1607.03540},
 primaryClass = {gr-qc},
       adsurl = {https://ui.adsabs.harvard.edu/abs/2017RPPh...80i6901B},
      adsnote = {Provided by the SAO/NASA Astrophysics Data System}
}

@ARTICLE{2019RPPh...82a6902D,
       author = {{Duez}, Matthew D. and {Zlochower}, Yosef},
        title = "{Numerical relativity of compact binaries in the 21st century}",
      journal = {Reports on Progress in Physics},
     keywords = {General Relativity and Quantum Cosmology},
         year = 2019,
        month = jan,
       volume = {82},
       number = {1},
          eid = {016902},
        pages = {016902},
          doi = {10.1088/1361-6633/aadb16},
archivePrefix = {arXiv},
       eprint = {1808.06011},
 primaryClass = {gr-qc},
       adsurl = {https://ui.adsabs.harvard.edu/abs/2019RPPh...82a6902D},
      adsnote = {Provided by the SAO/NASA Astrophysics Data System}
}

@ARTICLE{2020ARNPS..70...95R,
       author = {{Radice}, David and {Bernuzzi}, Sebastiano and {Perego}, Albino},
        title = "{The Dynamics of Binary Neutron Star Mergers and GW170817}",
      journal = {Annual Review of Nuclear and Particle Science},
     keywords = {Astrophysics - High Energy Astrophysical Phenomena, General Relativity and Quantum Cosmology},
         year = 2020,
        month = oct,
       volume = {70},
        pages = {95-119},
          doi = {10.1146/annurev-nucl-013120-114541},
archivePrefix = {arXiv},
       eprint = {2002.03863},
 primaryClass = {astro-ph.HE},
       adsurl = {https://ui.adsabs.harvard.edu/abs/2020ARNPS..70...95R},
      adsnote = {Provided by the SAO/NASA Astrophysics Data System}
}

@ARTICLE{2005LRR.....8....7L,
       author = {{Lorimer}, Duncan R.},
        title = "{Binary and Millisecond Pulsars}",
      journal = {Living Reviews in Relativity},
     keywords = {Pulsars, Astrophysics},
         year = 2005,
        month = nov,
       volume = {8},
       number = {1},
          eid = {7},
        pages = {7},
          doi = {10.12942/lrr-2005-7},
archivePrefix = {arXiv},
       eprint = {astro-ph/0511258},
 primaryClass = {astro-ph},
       adsurl = {https://ui.adsabs.harvard.edu/abs/2005LRR.....8....7L},
      adsnote = {Provided by the SAO/NASA Astrophysics Data System}
}

@ARTICLE{2015RPPh...78k6901T,
       author = {{Turolla}, R. and {Zane}, S. and {Watts}, A.~L.},
        title = "{Magnetars: the physics behind observations. A review}",
      journal = {Reports on Progress in Physics},
     keywords = {Astrophysics - High Energy Astrophysical Phenomena},
         year = 2015,
        month = nov,
       volume = {78},
       number = {11},
          eid = {116901},
        pages = {116901},
          doi = {10.1088/0034-4885/78/11/116901},
archivePrefix = {arXiv},
       eprint = {1507.02924},
 primaryClass = {astro-ph.HE},
       adsurl = {https://ui.adsabs.harvard.edu/abs/2015RPPh...78k6901T},
      adsnote = {Provided by the SAO/NASA Astrophysics Data System}
}

@ARTICLE{2015SSRv..191..315M,
       author = {{Mereghetti}, Sandro and {Pons}, Jos{\'e} A. and {Melatos}, Andrew},
        title = "{Magnetars: Properties, Origin and Evolution}",
      journal = {\ssr},
     keywords = {Neutron star, Magnetic field, Magnetar, Astrophysics - High Energy Astrophysical Phenomena},
         year = 2015,
        month = oct,
       volume = {191},
       number = {1-4},
        pages = {315-338},
          doi = {10.1007/s11214-015-0146-y},
archivePrefix = {arXiv},
       eprint = {1503.06313},
 primaryClass = {astro-ph.HE},
       adsurl = {https://ui.adsabs.harvard.edu/abs/2015SSRv..191..315M},
      adsnote = {Provided by the SAO/NASA Astrophysics Data System}
}

@ARTICLE{2017ARA&A..55..261K,
       author = {{Kaspi}, Victoria M. and {Beloborodov}, Andrei M.},
        title = "{Magnetars}",
      journal = {\araa},
     keywords = {Astrophysics - High Energy Astrophysical Phenomena},
         year = 2017,
        month = aug,
       volume = {55},
       number = {1},
        pages = {261-301},
          doi = {10.1146/annurev-astro-081915-023329},
archivePrefix = {arXiv},
       eprint = {1703.00068},
 primaryClass = {astro-ph.HE},
       adsurl = {https://ui.adsabs.harvard.edu/abs/2017ARA&A..55..261K},
      adsnote = {Provided by the SAO/NASA Astrophysics Data System}
}


@ARTICLE{2013LRR....16....1A,
       author = {{Abramowicz}, Marek A. and {Fragile}, P. Chris},
        title = "{Foundations of Black Hole Accretion Disk Theory}",
      journal = {Living Reviews in Relativity},
     keywords = {black hole accretion disks, Astrophysics - High Energy Astrophysical Phenomena, General Relativity and Quantum Cosmology},
         year = 2013,
        month = jan,
       volume = {16},
       number = {1},
          eid = {1},
        pages = {1},
          doi = {10.12942/lrr-2013-1},
archivePrefix = {arXiv},
       eprint = {1104.5499},
 primaryClass = {astro-ph.HE},
       adsurl = {https://ui.adsabs.harvard.edu/abs/2013LRR....16....1A},
      adsnote = {Provided by the SAO/NASA Astrophysics Data System}
}


@ARTICLE{2009CQGra..26f3001O,
       author = {{Ott}, Christian D},
        title = "{TOPICAL REVIEW:  The gravitational-wave signature of core-collapse supernovae}",
      journal = {Classical and Quantum Gravity},
     keywords = {Astrophysics, General Relativity and Quantum Cosmology},
         year = 2009,
        month = mar,
       volume = {26},
       number = {6},
          eid = {063001},
        pages = {063001},
          doi = {10.1088/0264-9381/26/6/063001},
archivePrefix = {arXiv},
       eprint = {0809.0695},
 primaryClass = {astro-ph},
       adsurl = {https://ui.adsabs.harvard.edu/abs/2009CQGra..26f3001O},
      adsnote = {Provided by the SAO/NASA Astrophysics Data System}
}


@ARTICLE{2017LRR....20....3M,
       author = {{Metzger}, Brian D.},
        title = "{Kilonovae}",
      journal = {Living Reviews in Relativity},
     keywords = {Gravitational waves, Neutron stars, Nucleosynthesis, Black holes, Radiative transfer, Astrophysics - High Energy Astrophysical Phenomena, General Relativity and Quantum Cosmology},
         year = 2017,
        month = may,
       volume = {20},
       number = {1},
          eid = {3},
        pages = {3},
          doi = {10.1007/s41114-017-0006-z},
archivePrefix = {arXiv},
       eprint = {1610.09381},
 primaryClass = {astro-ph.HE},
       adsurl = {https://ui.adsabs.harvard.edu/abs/2017LRR....20....3M},
      adsnote = {Provided by the SAO/NASA Astrophysics Data System}
}

@ARTICLE{2015IJMPD..2430012R,
       author = {{Rosswog}, Stephan},
        title = "{The multi-messenger picture of compact binary mergers}",
      journal = {International Journal of Modern Physics D},
     keywords = {Gravitational waves, nucleosynthesis, gamma-ray bursts, 04.30.-w, 26.30.Hj, 98.70.Rz, Gravitational waves: theory, r-process, gamma-ray sources, gamma-ray bursts, Astrophysics - High Energy Astrophysical Phenomena},
         year = 2015,
        month = feb,
       volume = {24},
       number = {5},
          eid = {1530012-52},
        pages = {1530012-52},
          doi = {10.1142/S0218271815300128},
archivePrefix = {arXiv},
       eprint = {1501.02081},
 primaryClass = {astro-ph.HE},
       adsurl = {https://ui.adsabs.harvard.edu/abs/2015IJMPD..2430012R},
      adsnote = {Provided by the SAO/NASA Astrophysics Data System}
}

@ARTICLE{2019ApJS..241....7S,
       author = {{Skinner}, M. Aaron and {Dolence}, Joshua C. and {Burrows}, Adam and {Radice}, David and {Vartanyan}, David},
        title = "{FORNAX: A Flexible Code for Multiphysics Astrophysical Simulations}",
      journal = {\apjs},
     keywords = {methods: numerical, Astrophysics - Instrumentation and Methods for Astrophysics, Astrophysics - High Energy Astrophysical Phenomena, Astrophysics - Solar and Stellar Astrophysics, Physics - Computational Physics},
         year = 2019,
        month = mar,
       volume = {241},
       number = {1},
          eid = {7},
        pages = {7},
          doi = {10.3847/1538-4365/ab007f},
archivePrefix = {arXiv},
       eprint = {1806.07390},
 primaryClass = {astro-ph.IM},
       adsurl = {https://ui.adsabs.harvard.edu/abs/2019ApJS..241....7S},
      adsnote = {Provided by the SAO/NASA Astrophysics Data System}
}

@INBOOK{1989fnr..book..306W,
       author = {{Wilson}, J.~R. and {Mathews}, G.~J.},
        title = "{Relativistic hydrodynamics.}",
     keywords = {General Relativity: Hydrodynamics, Neutron Stars: Binaries, Neutron Stars: Gravitational Radiation},
    booktitle = {Frontiers in Numerical Relativity},
         year = 1989,
       editor = {{Evans}, Charles R. and {Finn}, Lee S. and {Hobill}, David W.},
        pages = {306-314},
       adsurl = {https://ui.adsabs.harvard.edu/abs/1989fnr..book..306W},
      adsnote = {Provided by the SAO/NASA Astrophysics Data System}
}

@ARTICLE{1996PhRvD..53.5533C,
       author = {{Cook}, Gregory B. and {Shapiro}, Stuart L. and {Teukolsky}, Saul A.},
        title = "{Testing a simplified version of Einstein's equations for numerical relativity}",
      journal = {\prd},
     keywords = {04.25.Dm, 04.40.Dg, Numerical relativity, Relativistic stars: structure stability and oscillations, General Relativity and Quantum Cosmology},
         year = 1996,
        month = may,
       volume = {53},
       number = {10},
        pages = {5533-5540},
          doi = {10.1103/PhysRevD.53.5533},
archivePrefix = {arXiv},
       eprint = {gr-qc/9512009},
 primaryClass = {gr-qc},
       adsurl = {https://ui.adsabs.harvard.edu/abs/1996PhRvD..53.5533C},
      adsnote = {Provided by the SAO/NASA Astrophysics Data System}
}

@INPROCEEDINGS{1994reco.conf..155N,
       author = {{Nakamura}, T.},
        title = "{3D numerical relativity.}",
     keywords = {Neutron Stars: Coalescence, Neutron Stars: Gravitational Radiation},
    booktitle = {Relativistic Cosmology},
         year = 1994,
        month = jan,
        pages = {155-182},
       adsurl = {https://ui.adsabs.harvard.edu/abs/1994reco.conf..155N},
      adsnote = {Provided by the SAO/NASA Astrophysics Data System}
}

@Article{zbMATH03098911,
 Author = {Andre {Lichnerowicz}},
 Title = {{L'int\'egration des \'equations de la gravitation relativiste et le probl\`eme des \(n\) corps}},
 FJournal = {{Journal de Math\'ematiques Pures et Appliqu\'ees. Neuvi\`eme S\'erie}},
 Journal = {{J. Math. Pures Appl. (9)}},
 ISSN = {0021-7824},
 Volume = {23},
 Pages = {37--63},
 Year = {1944},
 Publisher = {Elsevier (Elsevier Masson), Paris},
 Language = {French},
 Zbl = {0060.44410}
}

@INPROCEEDINGS{1979sgrr.work...83Y,
       author = {{York}, J.~W., Jr.},
        title = "{Kinematics and dynamics of general relativity}",
     keywords = {Gravitation Theory, Kinematics, Relativity, Space-Time Functions, Astronomical Models, Asymptotic Methods, Cauchy Problem, Degrees Of Freedom, Vector Analysis, Physics (General)},
    booktitle = {Sources of Gravitational Radiation},
         year = 1979,
       editor = {{Smarr}, L.~L.},
        month = jan,
        pages = {83-126},
       adsurl = {https://ui.adsabs.harvard.edu/abs/1979sgrr.work...83Y},
      adsnote = {Provided by the SAO/NASA Astrophysics Data System}
}

@article{evans1998partial,
  title={Partial differential equations (Graduate studies in Mathematics, v. 19, American Mathematical Society, Providence, RI)},
  author={Evans, LC},
  journal={Muhammad Shoaib Saleem Department of Mathematics, University of Okara, Okara, Pakistan. e-mail: shaby455@ yahoo. com J. Pecaric Faculty of Textile Technology, University of Zagreb},
  volume={10000},
  year={1998}
}

